<?xml version="1.0" encoding="UTF-8"?>
<Document xmlns:xsi="http://www.w3.org/2001/XMLSchema-instance" xmlns="urn:iso:std:iso:20022:tech:xsd:pain.001.001.03" xsi:schemaLocation="urn:iso:std:iso:20022:tech:xsd:pain.001.001.03 pain.001.001.03.xsd">
	<CstmrCdtTrfInitn>
		<GrpHdr>
			<MsgId>9</MsgId>
			<CreDtTm>2016-02-05T11:00:17.000</CreDtTm>
			<Authstn>
				<Prtry>BATCH</Prtry>
			</Authstn>
			<NbOfTxs>1</NbOfTxs>
			<CtrlSum>1877.45</CtrlSum>
			<InitgPty>
				<Nm>Printline</Nm>
			</InitgPty>
		</GrpHdr>
		<PmtInf>
			<PmtInfId>"PMTID-"2016-02-05T11:00:17.000</PmtInfId>
			<PmtMtd>TRF</PmtMtd>
			<PmtTpInf>
				<InstrPrty>NORM</InstrPrty>
				<SvcLvl>
					<Cd>SEPA</Cd>
				</SvcLvl>
			</PmtTpInf>
			<ReqdExctnDt>2016-02-05</ReqdExctnDt>
			<Dbtr>
				<Nm>Printline</Nm>
			</Dbtr>
			<DbtrAcct>
				<Id>
					<IBAN>SK1911000000002628030474</IBAN>
				</Id>
			</DbtrAcct>
			<DbtrAgt>
				<FinInstnId>
					<BIC>TATRSKBX</BIC>
				</FinInstnId>
			</DbtrAgt>
			<ChrgBr>SLEV</ChrgBr>
			
		<CdtTrfTxInf><PmtId><EndToEndId>/VS1682000021/SS2516022/KS0308</EndToEndId></PmtId><Amt><InstdAmt Ccy="EUR">627.00</InstdAmt></Amt><ChrgBr>SLEV</ChrgBr><CdtrAgt><FinInstnId><BIC>UNCRSKBX</BIC></FinInstnId></CdtrAgt><Cdtr><Nm>GUMMI -  PRINT SLOVAKIA spol s r.o.</Nm></Cdtr><CdtrAcct><Id><IBAN>SK5011110000006605269018</IBAN></Id></CdtrAcct><RmtInf><Ustrd></Ustrd></RmtInf></CdtTrfTxInf><CdtTrfTxInf><PmtId><EndToEndId>/VS3636149661/SS2916008/KS0308</EndToEndId></PmtId><Amt><InstdAmt Ccy="EUR">111.55</InstdAmt></Amt><ChrgBr>SLEV</ChrgBr><CdtrAgt><FinInstnId><BIC>SPSRSKBA</BIC></FinInstnId></CdtrAgt><Cdtr><Nm>VSZP</Nm></Cdtr><CdtrAcct><Id><IBAN>SK4281800000007000221411</IBAN></Id></CdtrAcct><RmtInf><Ustrd></Ustrd></RmtInf></CdtTrfTxInf><CdtTrfTxInf>
				<PmtId>
					<EndToEndId>/VS16001/SS2516023/KS0308</EndToEndId>
				</PmtId>
				<Amt>
					<InstdAmt Ccy="EUR">456.00</InstdAmt>
				</Amt>
				<ChrgBr>SLEV</ChrgBr>
				<CdtrAgt>
					<FinInstnId>
						<BIC>TATRSKBX</BIC>
					</FinInstnId>
				</CdtrAgt>
				<Cdtr>
					<Nm>HTS Spedition, s.r.o.</Nm>
				</Cdtr>
				<CdtrAcct>
					<Id>
						<IBAN>SK3911000000002925826516</IBAN>
					</Id>
				</CdtrAcct>
				<RmtInf>
					<Ustrd></Ustrd>
				</RmtInf>
				</CdtTrfTxInf><CdtTrfTxInf><PmtId><EndToEndId>/VS1100012016/SS2916006/KS0308</EndToEndId></PmtId><Amt><InstdAmt Ccy="EUR">9.27</InstdAmt></Amt><ChrgBr>SLEV</ChrgBr><CdtrAgt><FinInstnId><BIC>SPSRSKBA</BIC></FinInstnId></CdtrAgt><Cdtr><Nm>Danovy urad Bratislava III - mzdy</Nm></Cdtr><CdtrAcct><Id><IBAN>SK1881805002598028010645</IBAN></Id></CdtrAcct><RmtInf><Ustrd></Ustrd></RmtInf></CdtTrfTxInf><CdtTrfTxInf><PmtId><EndToEndId>/VS20160037/SS2516021/KS0308</EndToEndId></PmtId><Amt><InstdAmt Ccy="EUR">85.07</InstdAmt></Amt><ChrgBr>SLEV</ChrgBr><CdtrAgt><FinInstnId><BIC>POBNSKBA</BIC></FinInstnId></CdtrAgt><Cdtr><Nm>KOLOS s.r.o.</Nm></Cdtr><CdtrAcct><Id><IBAN>SK1965000000000020552857</IBAN></Id></CdtrAcct><RmtInf><Ustrd></Ustrd></RmtInf></CdtTrfTxInf><CdtTrfTxInf><PmtId><EndToEndId>/VS201601/SS2916005/KS0308</EndToEndId></PmtId><Amt><InstdAmt Ccy="EUR">588.56</InstdAmt></Amt><ChrgBr>SLEV</ChrgBr><CdtrAgt><FinInstnId><BIC>GIBASKBX</BIC></FinInstnId></CdtrAgt><Cdtr><Nm>Ivan Malik</Nm></Cdtr><CdtrAcct><Id><IBAN>SK9309000000000010750585</IBAN></Id></CdtrAcct><RmtInf><Ustrd></Ustrd></RmtInf></CdtTrfTxInf></PmtInf>
	</CstmrCdtTrfInitn>
</Document>
