<?xml version="1.0" encoding="UTF-8"?>
<Document xmlns:xsi="http://www.w3.org/2001/XMLSchema-instance" xmlns="urn:iso:std:iso:20022:tech:xsd:pain.001.001.03" xsi:schemaLocation="urn:iso:std:iso:20022:tech:xsd:pain.001.001.03 pain.001.001.03.xsd">
	<CstmrCdtTrfInitn>
		<GrpHdr>
			<MsgId>16</MsgId>
			<CreDtTm>2016-03-23T15:51:38.000</CreDtTm>
			<Authstn>
				<Prtry>BATCH</Prtry>
			</Authstn>
			<NbOfTxs>1</NbOfTxs>
			<CtrlSum>9142.76</CtrlSum>
			<InitgPty>
				<Nm>Printline</Nm>
			</InitgPty>
		</GrpHdr>
		<PmtInf>
			<PmtInfId>"PMTID-"2016-03-23T15:51:38.000</PmtInfId>
			<PmtMtd>TRF</PmtMtd>
			<PmtTpInf>
				<InstrPrty>NORM</InstrPrty>
				<SvcLvl>
					<Cd>SEPA</Cd>
				</SvcLvl>
			</PmtTpInf>
			<ReqdExctnDt>2016-03-23</ReqdExctnDt>
			<Dbtr>
				<Nm>Printline</Nm>
			</Dbtr>
			<DbtrAcct>
				<Id>
					<IBAN>SK1911000000002628030474</IBAN>
				</Id>
			</DbtrAcct>
			<DbtrAgt>
				<FinInstnId>
					<BIC>TATRSKBX</BIC>
				</FinInstnId>
			</DbtrAgt>
			<ChrgBr>SLEV</ChrgBr>
			
		<CdtTrfTxInf><PmtId><EndToEndId>/VS516139/SS2516101/KS0308</EndToEndId></PmtId><Amt><InstdAmt Ccy="EUR">510.30</InstdAmt></Amt><ChrgBr>SLEV</ChrgBr><CdtrAgt><FinInstnId><BIC>TATRSKBX</BIC></FinInstnId></CdtrAgt><Cdtr><Nm>ALEDETO SLOVAKIA spol. s r.o.</Nm></Cdtr><CdtrAcct><Id><IBAN>SK3411000000002928708961</IBAN></Id></CdtrAcct><RmtInf><Ustrd></Ustrd></RmtInf></CdtTrfTxInf><CdtTrfTxInf><PmtId><EndToEndId>/VS201601/SS2516095/KS0308</EndToEndId></PmtId><Amt><InstdAmt Ccy="EUR">900.00</InstdAmt></Amt><ChrgBr>SLEV</ChrgBr><CdtrAgt><FinInstnId><BIC>LUBASKBX</BIC></FinInstnId></CdtrAgt><Cdtr><Nm>Viera Duranova - opravy odevov</Nm></Cdtr><CdtrAcct><Id><IBAN>SK9731000000003002142807</IBAN></Id></CdtrAcct><RmtInf><Ustrd></Ustrd></RmtInf></CdtTrfTxInf><CdtTrfTxInf><PmtId><EndToEndId>/VS463116/SS2516102/KS0308</EndToEndId></PmtId><Amt><InstdAmt Ccy="EUR">398.05</InstdAmt></Amt><ChrgBr>SLEV</ChrgBr><CdtrAgt><FinInstnId><BIC>UNCRSKBX</BIC></FinInstnId></CdtrAgt><Cdtr><Nm>HEIDELBERG Slovensko, s.r.o.</Nm></Cdtr><CdtrAcct><Id><IBAN>SK2011110000000005333007</IBAN></Id></CdtrAcct><RmtInf><Ustrd></Ustrd></RmtInf></CdtTrfTxInf><CdtTrfTxInf><PmtId><EndToEndId>/VS172460000/SS2516087/KS0308</EndToEndId></PmtId><Amt><InstdAmt Ccy="EUR">996.00</InstdAmt></Amt><ChrgBr>SLEV</ChrgBr><CdtrAgt><FinInstnId><BIC>UNCRSKBX</BIC></FinInstnId></CdtrAgt><Cdtr><Nm>SCP Papier a.s.</Nm></Cdtr><CdtrAcct><Id><IBAN>SK4611110000001023397009</IBAN></Id></CdtrAcct><RmtInf><Ustrd></Ustrd></RmtInf></CdtTrfTxInf><CdtTrfTxInf><PmtId><EndToEndId>/VS3100115126/SS2516103/KS0308</EndToEndId></PmtId><Amt><InstdAmt Ccy="EUR">622.86</InstdAmt></Amt><ChrgBr>SLEV</ChrgBr><CdtrAgt><FinInstnId><BIC>UNCRSKBX</BIC></FinInstnId></CdtrAgt><Cdtr><Nm>EUROPAPIER - SLOVAKIA, spol.  s r.o.</Nm></Cdtr><CdtrAcct><Id><IBAN>SK9311110000001003055263</IBAN></Id></CdtrAcct><RmtInf><Ustrd></Ustrd></RmtInf></CdtTrfTxInf><CdtTrfTxInf><PmtId><EndToEndId>/VS2016003/SS2516096/KS0308</EndToEndId></PmtId><Amt><InstdAmt Ccy="EUR">96.00</InstdAmt></Amt><ChrgBr>SLEV</ChrgBr><CdtrAgt><FinInstnId><BIC>TATRSKBX</BIC></FinInstnId></CdtrAgt><Cdtr><Nm>UP Invest, s.r.o.</Nm></Cdtr><CdtrAcct><Id><IBAN>SK7611000000002928896288</IBAN></Id></CdtrAcct><RmtInf><Ustrd></Ustrd></RmtInf></CdtTrfTxInf><CdtTrfTxInf><PmtId><EndToEndId>/VS3100115174/SS2516104/KS0308</EndToEndId></PmtId><Amt><InstdAmt Ccy="EUR">2117.33</InstdAmt></Amt><ChrgBr>SLEV</ChrgBr><CdtrAgt><FinInstnId><BIC>UNCRSKBX</BIC></FinInstnId></CdtrAgt><Cdtr><Nm>EUROPAPIER - SLOVAKIA, spol.  s r.o.</Nm></Cdtr><CdtrAcct><Id><IBAN>SK9311110000001003055263</IBAN></Id></CdtrAcct><RmtInf><Ustrd></Ustrd></RmtInf></CdtTrfTxInf><CdtTrfTxInf><PmtId><EndToEndId>/VS1404764651/SS2516081/KS0308</EndToEndId></PmtId><Amt><InstdAmt Ccy="EUR">90.75</InstdAmt></Amt><ChrgBr>SLEV</ChrgBr><CdtrAgt><FinInstnId><BIC>TATRSKBX</BIC></FinInstnId></CdtrAgt><Cdtr><Nm>SPANDEX, s.r.o.</Nm></Cdtr><CdtrAcct><Id><IBAN>SK4011000000002622020267</IBAN></Id></CdtrAcct><RmtInf><Ustrd></Ustrd></RmtInf></CdtTrfTxInf><CdtTrfTxInf><PmtId><EndToEndId>/VS20160591/SS2516105/KS0308</EndToEndId></PmtId><Amt><InstdAmt Ccy="EUR">82.18</InstdAmt></Amt><ChrgBr>SLEV</ChrgBr><CdtrAgt><FinInstnId><BIC>TATRSKBX</BIC></FinInstnId></CdtrAgt><Cdtr><Nm>DECS CONSULTING, spol. s r.o.</Nm></Cdtr><CdtrAcct><Id><IBAN>SK2511000000002625704015</IBAN></Id></CdtrAcct><RmtInf><Ustrd></Ustrd></RmtInf></CdtTrfTxInf><CdtTrfTxInf><PmtId><EndToEndId>/VS20160315/SS2516099/KS0308</EndToEndId></PmtId><Amt><InstdAmt Ccy="EUR">90.15</InstdAmt></Amt><ChrgBr>SLEV</ChrgBr><CdtrAgt><FinInstnId><BIC>POBNSKBA</BIC></FinInstnId></CdtrAgt><Cdtr><Nm>KOLOS s.r.o.</Nm></Cdtr><CdtrAcct><Id><IBAN>SK1965000000000020552857</IBAN></Id></CdtrAcct><RmtInf><Ustrd></Ustrd></RmtInf></CdtTrfTxInf><CdtTrfTxInf><PmtId><EndToEndId>/VS20160589/SS2516106/KS0308</EndToEndId></PmtId><Amt><InstdAmt Ccy="EUR">1459.13</InstdAmt></Amt><ChrgBr>SLEV</ChrgBr><CdtrAgt><FinInstnId><BIC>TATRSKBX</BIC></FinInstnId></CdtrAgt><Cdtr><Nm>DECS CONSULTING, spol. s r.o.</Nm></Cdtr><CdtrAcct><Id><IBAN>SK2511000000002625704015</IBAN></Id></CdtrAcct><RmtInf><Ustrd></Ustrd></RmtInf></CdtTrfTxInf><CdtTrfTxInf><PmtId><EndToEndId>/VS5720038375/SS2916018/KS0308</EndToEndId></PmtId><Amt><InstdAmt Ccy="EUR">863.50</InstdAmt></Amt><ChrgBr>SLEV</ChrgBr><CdtrAgt><FinInstnId><BIC>SUBASKBX</BIC></FinInstnId></CdtrAgt><Cdtr><Nm>GENERALI</Nm></Cdtr><CdtrAcct><Id><IBAN>SK3502000000000048134112</IBAN></Id></CdtrAcct><RmtInf><Ustrd></Ustrd></RmtInf></CdtTrfTxInf><CdtTrfTxInf><PmtId><EndToEndId>/VS2016021/SS2916022/KS0308</EndToEndId></PmtId><Amt><InstdAmt Ccy="EUR">43.27</InstdAmt></Amt><ChrgBr>SLEV</ChrgBr><CdtrAgt><FinInstnId><BIC>KOMASK2X</BIC></FinInstnId></CdtrAgt><Cdtr><Nm>LikoSpol, a.s.</Nm></Cdtr><CdtrAcct><Id><IBAN>SK0756000000009613368001</IBAN></Id></CdtrAcct><RmtInf><Ustrd></Ustrd></RmtInf></CdtTrfTxInf><CdtTrfTxInf><PmtId><EndToEndId>/VS463092/SS2516100/KS0308</EndToEndId></PmtId><Amt><InstdAmt Ccy="EUR">146.71</InstdAmt></Amt><ChrgBr>SLEV</ChrgBr><CdtrAgt><FinInstnId><BIC>UNCRSKBX</BIC></FinInstnId></CdtrAgt><Cdtr><Nm>HEIDELBERG Slovensko, s.r.o.</Nm></Cdtr><CdtrAcct><Id><IBAN>SK2011110000000005333007</IBAN></Id></CdtrAcct><RmtInf><Ustrd></Ustrd></RmtInf></CdtTrfTxInf><CdtTrfTxInf><PmtId><EndToEndId>/VS2016015/SS2916023/KS0308</EndToEndId></PmtId><Amt><InstdAmt Ccy="EUR">446.06</InstdAmt></Amt><ChrgBr>SLEV</ChrgBr><CdtrAgt><FinInstnId><BIC>KOMASK2X</BIC></FinInstnId></CdtrAgt><Cdtr><Nm>LikoSpol, a.s.</Nm></Cdtr><CdtrAcct><Id><IBAN>SK0756000000009613368001</IBAN></Id></CdtrAcct><RmtInf><Ustrd></Ustrd></RmtInf></CdtTrfTxInf><CdtTrfTxInf>
				<PmtId>
					<EndToEndId>/VS1404764586/SS2516080/KS0308</EndToEndId>
				</PmtId>
				<Amt>
					<InstdAmt Ccy="EUR">80.05</InstdAmt>
				</Amt>
				<ChrgBr>SLEV</ChrgBr>
				<CdtrAgt>
					<FinInstnId>
						<BIC>TATRSKBX</BIC>
					</FinInstnId>
				</CdtrAgt>
				<Cdtr>
					<Nm>SPANDEX, s.r.o.</Nm>
				</Cdtr>
				<CdtrAcct>
					<Id>
						<IBAN>SK4011000000002622020267</IBAN>
					</Id>
				</CdtrAcct>
				<RmtInf>
					<Ustrd></Ustrd>
				</RmtInf>
				</CdtTrfTxInf><CdtTrfTxInf><PmtId><EndToEndId>/VS2016023/SS2916024/KS0308</EndToEndId></PmtId><Amt><InstdAmt Ccy="EUR">200.42</InstdAmt></Amt><ChrgBr>SLEV</ChrgBr><CdtrAgt><FinInstnId><BIC>KOMASK2X</BIC></FinInstnId></CdtrAgt><Cdtr><Nm>LikoSpol, a.s.</Nm></Cdtr><CdtrAcct><Id><IBAN>SK0756000000009613368001</IBAN></Id></CdtrAcct><RmtInf><Ustrd></Ustrd></RmtInf></CdtTrfTxInf></PmtInf>
	</CstmrCdtTrfInitn>
</Document>
