<?xml version="1.0" encoding="UTF-8"?>
<Document xmlns:xsi="http://www.w3.org/2001/XMLSchema-instance" xmlns="urn:iso:std:iso:20022:tech:xsd:pain.001.001.03" xsi:schemaLocation="urn:iso:std:iso:20022:tech:xsd:pain.001.001.03 pain.001.001.03.xsd">
	<CstmrCdtTrfInitn>
		<GrpHdr>
			<MsgId>35</MsgId>
			<CreDtTm>2016-07-11T20:23:17.000</CreDtTm>
			<Authstn>
				<Prtry>BATCH</Prtry>
			</Authstn>
			<NbOfTxs>1</NbOfTxs>
			<CtrlSum>3467.05</CtrlSum>
			<InitgPty>
				<Nm>Printline</Nm>
			</InitgPty>
		</GrpHdr>
		<PmtInf>
			<PmtInfId>"PMTID-"2016-07-11T20:23:17.000</PmtInfId>
			<PmtMtd>TRF</PmtMtd>
			<PmtTpInf>
				<InstrPrty>NORM</InstrPrty>
				<SvcLvl>
					<Cd>SEPA</Cd>
				</SvcLvl>
			</PmtTpInf>
			<ReqdExctnDt>2016-07-11</ReqdExctnDt>
			<Dbtr>
				<Nm>Printline</Nm>
			</Dbtr>
			<DbtrAcct>
				<Id>
					<IBAN>SK1911000000002628030474</IBAN>
				</Id>
			</DbtrAcct>
			<DbtrAgt>
				<FinInstnId>
					<BIC>TATRSKBX</BIC>
				</FinInstnId>
			</DbtrAgt>
			<ChrgBr>SLEV</ChrgBr>
			
		<CdtTrfTxInf><PmtId><EndToEndId>/VS1962016/SS2516272/KS0308</EndToEndId></PmtId><Amt><InstdAmt Ccy="EUR">214.92</InstdAmt></Amt><ChrgBr>SLEV</ChrgBr><CdtrAgt><FinInstnId><BIC>SUBASKBX</BIC></FinInstnId></CdtrAgt><Cdtr><Nm>Ing Ladislav Zedek</Nm></Cdtr><CdtrAcct><Id><IBAN>SK4802000000001153548012</IBAN></Id></CdtrAcct><RmtInf><Ustrd></Ustrd></RmtInf></CdtTrfTxInf><CdtTrfTxInf><PmtId><EndToEndId>/VS201606/SS2916055/KS0308</EndToEndId></PmtId><Amt><InstdAmt Ccy="EUR">616.86</InstdAmt></Amt><ChrgBr>SLEV</ChrgBr><CdtrAgt><FinInstnId><BIC>TATRSKBX</BIC></FinInstnId></CdtrAgt><Cdtr><Nm>Marin Krajovi</Nm></Cdtr><CdtrAcct><Id><IBAN>SK0311000000002611979202</IBAN></Id></CdtrAcct><RmtInf><Ustrd></Ustrd></RmtInf></CdtTrfTxInf><CdtTrfTxInf><PmtId><EndToEndId>/VS3636149661/SS2916058/KS0308</EndToEndId></PmtId><Amt><InstdAmt Ccy="EUR">231.00</InstdAmt></Amt><ChrgBr>SLEV</ChrgBr><CdtrAgt><FinInstnId><BIC>SPSRSKBA</BIC></FinInstnId></CdtrAgt><Cdtr><Nm>VZP</Nm></Cdtr><CdtrAcct><Id><IBAN>SK4281800000007000221411</IBAN></Id></CdtrAcct><RmtInf><Ustrd></Ustrd></RmtInf></CdtTrfTxInf><CdtTrfTxInf><PmtId><EndToEndId>/VS201606/SS2916054/KS0308</EndToEndId></PmtId><Amt><InstdAmt Ccy="EUR">581.79</InstdAmt></Amt><ChrgBr>SLEV</ChrgBr><CdtrAgt><FinInstnId><BIC>GIBASKBX</BIC></FinInstnId></CdtrAgt><Cdtr><Nm>Ivan Malk</Nm></Cdtr><CdtrAcct><Id><IBAN>SK9309000000000010750585</IBAN></Id></CdtrAcct><RmtInf><Ustrd></Ustrd></RmtInf></CdtTrfTxInf><CdtTrfTxInf>
				<PmtId>
					<EndToEndId>/VS13051508/SS2516273/KS0308</EndToEndId>
				</PmtId>
				<Amt>
					<InstdAmt Ccy="EUR">235.01</InstdAmt>
				</Amt>
				<ChrgBr>SLEV</ChrgBr>
				<CdtrAgt>
					<FinInstnId>
						<BIC>SUBASKBX</BIC>
					</FinInstnId>
				</CdtrAgt>
				<Cdtr>
					<Nm>BARK sro</Nm>
				</Cdtr>
				<CdtrAcct>
					<Id>
						<IBAN>SK4502000000001488743012</IBAN>
					</Id>
				</CdtrAcct>
				<RmtInf>
					<Ustrd></Ustrd>
				</RmtInf>
				</CdtTrfTxInf><CdtTrfTxInf><PmtId><EndToEndId>/VS20161441/SS2516259/KS0308</EndToEndId></PmtId><Amt><InstdAmt Ccy="EUR">53.94</InstdAmt></Amt><ChrgBr>SLEV</ChrgBr><CdtrAgt><FinInstnId><BIC>LUBASKBX</BIC></FinInstnId></CdtrAgt><Cdtr><Nm>TECHNOBAL  aa sro</Nm></Cdtr><CdtrAcct><Id><IBAN>SK7031000000004230075508</IBAN></Id></CdtrAcct><RmtInf><Ustrd></Ustrd></RmtInf></CdtTrfTxInf><CdtTrfTxInf><PmtId><EndToEndId>/VS1002277078/SS2916057/KS0308</EndToEndId></PmtId><Amt><InstdAmt Ccy="EUR">570.89</InstdAmt></Amt><ChrgBr>SLEV</ChrgBr><CdtrAgt><FinInstnId><BIC>SPSRSKBA</BIC></FinInstnId></CdtrAgt><Cdtr><Nm>Socialna poistovna </Nm></Cdtr><CdtrAcct><Id><IBAN>SK9181800000007000155733</IBAN></Id></CdtrAcct><RmtInf><Ustrd></Ustrd></RmtInf></CdtTrfTxInf><CdtTrfTxInf><PmtId><EndToEndId>/VS160589/SS2516264/KS0308</EndToEndId></PmtId><Amt><InstdAmt Ccy="EUR">85.44</InstdAmt></Amt><ChrgBr>SLEV</ChrgBr><CdtrAgt><FinInstnId><BIC>GIBASKBX</BIC></FinInstnId></CdtrAgt><Cdtr><Nm>AP Service sro</Nm></Cdtr><CdtrAcct><Id><IBAN>SK2209000000000172362593</IBAN></Id></CdtrAcct><RmtInf><Ustrd></Ustrd></RmtInf></CdtTrfTxInf><CdtTrfTxInf><PmtId><EndToEndId>/VS1016074333/SS2516271/KS0308</EndToEndId></PmtId><Amt><InstdAmt Ccy="EUR">65.58</InstdAmt></Amt><ChrgBr>SLEV</ChrgBr><CdtrAgt><FinInstnId><BIC>TATRSKBX</BIC></FinInstnId></CdtrAgt><Cdtr><Nm>Slovak Parcel Service sro</Nm></Cdtr><CdtrAcct><Id><IBAN>SK0511000000002625004617</IBAN></Id></CdtrAcct><RmtInf><Ustrd></Ustrd></RmtInf></CdtTrfTxInf><CdtTrfTxInf><PmtId><EndToEndId>/VS1405253185/SS2516268/KS0308</EndToEndId></PmtId><Amt><InstdAmt Ccy="EUR">134.78</InstdAmt></Amt><ChrgBr>SLEV</ChrgBr><CdtrAgt><FinInstnId><BIC>TATRSKBX</BIC></FinInstnId></CdtrAgt><Cdtr><Nm>SPANDEX sro</Nm></Cdtr><CdtrAcct><Id><IBAN>SK4011000000002622020267</IBAN></Id></CdtrAcct><RmtInf><Ustrd></Ustrd></RmtInf></CdtTrfTxInf><CdtTrfTxInf><PmtId><EndToEndId>/VS1100062016/SS2916056/KS0308</EndToEndId></PmtId><Amt><InstdAmt Ccy="EUR">151.05</InstdAmt></Amt><ChrgBr>SLEV</ChrgBr><CdtrAgt><FinInstnId><BIC>SPSRSKBA</BIC></FinInstnId></CdtrAgt><Cdtr><Nm>Daov rad Bratislava III  mzdy</Nm></Cdtr><CdtrAcct><Id><IBAN>SK1881805002598028010645</IBAN></Id></CdtrAcct><RmtInf><Ustrd></Ustrd></RmtInf></CdtTrfTxInf><CdtTrfTxInf><PmtId><EndToEndId>/VS1405253184/SS2516267/KS0308</EndToEndId></PmtId><Amt><InstdAmt Ccy="EUR">525.79</InstdAmt></Amt><ChrgBr>SLEV</ChrgBr><CdtrAgt><FinInstnId><BIC>TATRSKBX</BIC></FinInstnId></CdtrAgt><Cdtr><Nm>SPANDEX sro</Nm></Cdtr><CdtrAcct><Id><IBAN>SK4011000000002622020267</IBAN></Id></CdtrAcct><RmtInf><Ustrd></Ustrd></RmtInf></CdtTrfTxInf></PmtInf>
	</CstmrCdtTrfInitn>
</Document>
