<?xml version="1.0" encoding="UTF-8"?>
<Document xmlns:xsi="http://www.w3.org/2001/XMLSchema-instance" xmlns="urn:iso:std:iso:20022:tech:xsd:pain.001.001.03" xsi:schemaLocation="urn:iso:std:iso:20022:tech:xsd:pain.001.001.03 pain.001.001.03.xsd">
	<CstmrCdtTrfInitn>
		<GrpHdr>
			<MsgId>50</MsgId>
			<CreDtTm>2016-10-25T10:38:26.000</CreDtTm>
			<Authstn>
				<Prtry>BATCH</Prtry>
			</Authstn>
			<NbOfTxs>1</NbOfTxs>
			<CtrlSum>2756.33</CtrlSum>
			<InitgPty>
				<Nm>Printline</Nm>
			</InitgPty>
		</GrpHdr>
		<PmtInf>
			<PmtInfId>"PMTID-"2016-10-25T10:38:26.000</PmtInfId>
			<PmtMtd>TRF</PmtMtd>
			<PmtTpInf>
				<InstrPrty>NORM</InstrPrty>
				<SvcLvl>
					<Cd>SEPA</Cd>
				</SvcLvl>
			</PmtTpInf>
			<ReqdExctnDt>2016-10-25</ReqdExctnDt>
			<Dbtr>
				<Nm>Printline</Nm>
			</Dbtr>
			<DbtrAcct>
				<Id>
					<IBAN>SK1911000000002628030474</IBAN>
				</Id>
			</DbtrAcct>
			<DbtrAgt>
				<FinInstnId>
					<BIC>TATRSKBX</BIC>
				</FinInstnId>
			</DbtrAgt>
			<ChrgBr>SLEV</ChrgBr>
			
		<CdtTrfTxInf>
				<PmtId>
					<EndToEndId>/VS471912/SS2516445/KS0308</EndToEndId>
				</PmtId>
				<Amt>
					<InstdAmt Ccy="EUR">121.69</InstdAmt>
				</Amt>
				<ChrgBr>SLEV</ChrgBr>
				<CdtrAgt>
					<FinInstnId>
						<BIC>UNCRSKBX</BIC>
					</FinInstnId>
				</CdtrAgt>
				<Cdtr>
					<Nm>HEIDELBERG Slovensko sro</Nm>
				</Cdtr>
				<CdtrAcct>
					<Id>
						<IBAN>SK2011110000000005333007</IBAN>
					</Id>
				</CdtrAcct>
				<RmtInf>
					<Ustrd></Ustrd>
				</RmtInf>
				</CdtTrfTxInf><CdtTrfTxInf><PmtId><EndToEndId>/VS3100130302/SS2516436/KS0308</EndToEndId></PmtId><Amt><InstdAmt Ccy="EUR">1237.94</InstdAmt></Amt><ChrgBr>SLEV</ChrgBr><CdtrAgt><FinInstnId><BIC>UNCRSKBX</BIC></FinInstnId></CdtrAgt><Cdtr><Nm>EUROPAPIER  SLOVAKIA spol  s ro</Nm></Cdtr><CdtrAcct><Id><IBAN>SK9311110000001003055263</IBAN></Id></CdtrAcct><RmtInf><Ustrd></Ustrd></RmtInf></CdtTrfTxInf><CdtTrfTxInf><PmtId><EndToEndId>/VS20160119/SS2516441/KS0308</EndToEndId></PmtId><Amt><InstdAmt Ccy="EUR">15.24</InstdAmt></Amt><ChrgBr>SLEV</ChrgBr><CdtrAgt><FinInstnId><BIC>SUBASKBX</BIC></FinInstnId></CdtrAgt><Cdtr><Nm>LMT obaly sro</Nm></Cdtr><CdtrAcct><Id><IBAN>SK9602000000002663988856</IBAN></Id></CdtrAcct><RmtInf><Ustrd></Ustrd></RmtInf></CdtTrfTxInf><CdtTrfTxInf><PmtId><EndToEndId>/VS471821/SS2516435/KS0308</EndToEndId></PmtId><Amt><InstdAmt Ccy="EUR">90.18</InstdAmt></Amt><ChrgBr>SLEV</ChrgBr><CdtrAgt><FinInstnId><BIC>UNCRSKBX</BIC></FinInstnId></CdtrAgt><Cdtr><Nm>HEIDELBERG Slovensko sro</Nm></Cdtr><CdtrAcct><Id><IBAN>SK2011110000000005333007</IBAN></Id></CdtrAcct><RmtInf><Ustrd></Ustrd></RmtInf></CdtTrfTxInf><CdtTrfTxInf><PmtId><EndToEndId>/VS1016003069/SS2516443/KS0308</EndToEndId></PmtId><Amt><InstdAmt Ccy="EUR">79.08</InstdAmt></Amt><ChrgBr>SLEV</ChrgBr><CdtrAgt><FinInstnId><BIC>GIBASKBX</BIC></FinInstnId></CdtrAgt><Cdtr><Nm>MiF sro</Nm></Cdtr><CdtrAcct><Id><IBAN>SK1609000000000361592726</IBAN></Id></CdtrAcct><RmtInf><Ustrd></Ustrd></RmtInf></CdtTrfTxInf><CdtTrfTxInf><PmtId><EndToEndId>/VS2016102/SS2516433/KS0308</EndToEndId></PmtId><Amt><InstdAmt Ccy="EUR">62.60</InstdAmt></Amt><ChrgBr>SLEV</ChrgBr><CdtrAgt><FinInstnId><BIC>KOMASK2X</BIC></FinInstnId></CdtrAgt><Cdtr><Nm>LikoSpol as</Nm></Cdtr><CdtrAcct><Id><IBAN>SK0756000000009613368001</IBAN></Id></CdtrAcct><RmtInf><Ustrd></Ustrd></RmtInf></CdtTrfTxInf><CdtTrfTxInf><PmtId><EndToEndId>/VS471860/SS2516440/KS0308</EndToEndId></PmtId><Amt><InstdAmt Ccy="EUR">80.87</InstdAmt></Amt><ChrgBr>SLEV</ChrgBr><CdtrAgt><FinInstnId><BIC>UNCRSKBX</BIC></FinInstnId></CdtrAgt><Cdtr><Nm>HEIDELBERG Slovensko sro</Nm></Cdtr><CdtrAcct><Id><IBAN>SK2011110000000005333007</IBAN></Id></CdtrAcct><RmtInf><Ustrd></Ustrd></RmtInf></CdtTrfTxInf><CdtTrfTxInf><PmtId><EndToEndId>/VS2016098/SS2516432/KS0308</EndToEndId></PmtId><Amt><InstdAmt Ccy="EUR">216.98</InstdAmt></Amt><ChrgBr>SLEV</ChrgBr><CdtrAgt><FinInstnId><BIC>KOMASK2X</BIC></FinInstnId></CdtrAgt><Cdtr><Nm>LikoSpol as</Nm></Cdtr><CdtrAcct><Id><IBAN>SK0756000000009613368001</IBAN></Id></CdtrAcct><RmtInf><Ustrd></Ustrd></RmtInf></CdtTrfTxInf><CdtTrfTxInf><PmtId><EndToEndId>/VS715560000/SS2516444/KS0308</EndToEndId></PmtId><Amt><InstdAmt Ccy="EUR">53.22</InstdAmt></Amt><ChrgBr>SLEV</ChrgBr><CdtrAgt><FinInstnId><BIC>UNCRSKBX</BIC></FinInstnId></CdtrAgt><Cdtr><Nm>SCP Papier as</Nm></Cdtr><CdtrAcct><Id><IBAN>SK4611110000001023397009</IBAN></Id></CdtrAcct><RmtInf><Ustrd></Ustrd></RmtInf></CdtTrfTxInf><CdtTrfTxInf><PmtId><EndToEndId>/VS2016105/SS2516431/KS0308</EndToEndId></PmtId><Amt><InstdAmt Ccy="EUR">63.53</InstdAmt></Amt><ChrgBr>SLEV</ChrgBr><CdtrAgt><FinInstnId><BIC>KOMASK2X</BIC></FinInstnId></CdtrAgt><Cdtr><Nm>LikoSpol as</Nm></Cdtr><CdtrAcct><Id><IBAN>SK0756000000009613368001</IBAN></Id></CdtrAcct><RmtInf><Ustrd></Ustrd></RmtInf></CdtTrfTxInf><CdtTrfTxInf><PmtId><EndToEndId>/VS471848/SS2516439/KS0308</EndToEndId></PmtId><Amt><InstdAmt Ccy="EUR">76.80</InstdAmt></Amt><ChrgBr>SLEV</ChrgBr><CdtrAgt><FinInstnId><BIC>UNCRSKBX</BIC></FinInstnId></CdtrAgt><Cdtr><Nm>HEIDELBERG Slovensko sro</Nm></Cdtr><CdtrAcct><Id><IBAN>SK2011110000000005333007</IBAN></Id></CdtrAcct><RmtInf><Ustrd></Ustrd></RmtInf></CdtTrfTxInf><CdtTrfTxInf><PmtId><EndToEndId>/VS1051550819/SS2516429/KS0308</EndToEndId></PmtId><Amt><InstdAmt Ccy="EUR">124.75</InstdAmt></Amt><ChrgBr>SLEV</ChrgBr><CdtrAgt><FinInstnId><BIC>TATRSKBX</BIC></FinInstnId></CdtrAgt><Cdtr><Nm>SCHENKER sro</Nm></Cdtr><CdtrAcct><Id><IBAN>SK7811000000002627310060</IBAN></Id></CdtrAcct><RmtInf><Ustrd></Ustrd></RmtInf></CdtTrfTxInf><CdtTrfTxInf><PmtId><EndToEndId>/VS120161503/SS2516442/KS0308</EndToEndId></PmtId><Amt><InstdAmt Ccy="EUR">32.26</InstdAmt></Amt><ChrgBr>SLEV</ChrgBr><CdtrAgt><FinInstnId><BIC>TATRSKBX</BIC></FinInstnId></CdtrAgt><Cdtr><Nm>GRAFITEC SLOVAKIA GROUP s ro</Nm></Cdtr><CdtrAcct><Id><IBAN>SK8411000000002925863245</IBAN></Id></CdtrAcct><RmtInf><Ustrd></Ustrd></RmtInf></CdtTrfTxInf><CdtTrfTxInf><PmtId><EndToEndId>/VS20160114/SS2516428/KS0308</EndToEndId></PmtId><Amt><InstdAmt Ccy="EUR">352.80</InstdAmt></Amt><ChrgBr>SLEV</ChrgBr><CdtrAgt><FinInstnId><BIC>SUBASKBX</BIC></FinInstnId></CdtrAgt><Cdtr><Nm>LMT obaly sro</Nm></Cdtr><CdtrAcct><Id><IBAN>SK9602000000002663988856</IBAN></Id></CdtrAcct><RmtInf><Ustrd></Ustrd></RmtInf></CdtTrfTxInf><CdtTrfTxInf><PmtId><EndToEndId>/VS2016021512/SS2516438/KS0308</EndToEndId></PmtId><Amt><InstdAmt Ccy="EUR">80.47</InstdAmt></Amt><ChrgBr>SLEV</ChrgBr><CdtrAgt><FinInstnId><BIC>TATRSKBX</BIC></FinInstnId></CdtrAgt><Cdtr><Nm>IN TIME sro</Nm></Cdtr><CdtrAcct><Id><IBAN>SK3411000000002620004618</IBAN></Id></CdtrAcct><RmtInf><Ustrd></Ustrd></RmtInf></CdtTrfTxInf><CdtTrfTxInf><PmtId><EndToEndId>/VS1682000517/SS2516427/KS0308</EndToEndId></PmtId><Amt><InstdAmt Ccy="EUR">67.92</InstdAmt></Amt><ChrgBr>SLEV</ChrgBr><CdtrAgt><FinInstnId><BIC>UNCRSKBX</BIC></FinInstnId></CdtrAgt><Cdtr><Nm>GUMMI   PRINT SLOVAKIA spol s ro</Nm></Cdtr><CdtrAcct><Id><IBAN>SK5011110000006605269018</IBAN></Id></CdtrAcct><RmtInf><Ustrd></Ustrd></RmtInf></CdtTrfTxInf></PmtInf>
	</CstmrCdtTrfInitn>
</Document>
