<?xml version="1.0" encoding="UTF-8"?>
<Document xmlns:xsi="http://www.w3.org/2001/XMLSchema-instance" xmlns="urn:iso:std:iso:20022:tech:xsd:pain.001.001.03" xsi:schemaLocation="urn:iso:std:iso:20022:tech:xsd:pain.001.001.03 pain.001.001.03.xsd">
	<CstmrCdtTrfInitn>
		<GrpHdr>
			<MsgId>58</MsgId>
			<CreDtTm>2016-12-05T20:51:57.000</CreDtTm>
			<Authstn>
				<Prtry>BATCH</Prtry>
			</Authstn>
			<NbOfTxs>1</NbOfTxs>
			<CtrlSum>5616.08</CtrlSum>
			<InitgPty>
				<Nm>Printline</Nm>
			</InitgPty>
		</GrpHdr>
		<PmtInf>
			<PmtInfId>"PMTID-"2016-12-05T20:51:57.000</PmtInfId>
			<PmtMtd>TRF</PmtMtd>
			<PmtTpInf>
				<InstrPrty>NORM</InstrPrty>
				<SvcLvl>
					<Cd>SEPA</Cd>
				</SvcLvl>
			</PmtTpInf>
			<ReqdExctnDt>2016-12-05</ReqdExctnDt>
			<Dbtr>
				<Nm>Printline</Nm>
			</Dbtr>
			<DbtrAcct>
				<Id>
					<IBAN>SK1911000000002628030474</IBAN>
				</Id>
			</DbtrAcct>
			<DbtrAgt>
				<FinInstnId>
					<BIC>TATRSKBX</BIC>
				</FinInstnId>
			</DbtrAgt>
			<ChrgBr>SLEV</ChrgBr>
			
		<CdtTrfTxInf>
				<PmtId>
					<EndToEndId>/VS112016/SS2516516/KS0308</EndToEndId>
				</PmtId>
				<Amt>
					<InstdAmt Ccy="EUR">1500.00</InstdAmt>
				</Amt>
				<ChrgBr>SLEV</ChrgBr>
				<CdtrAgt>
					<FinInstnId>
						<BIC>TATRSKBX</BIC>
					</FinInstnId>
				</CdtrAgt>
				<Cdtr>
					<Nm>Lucia Palkoviov  polygrafick vroba</Nm>
				</Cdtr>
				<CdtrAcct>
					<Id>
						<IBAN>SK4311000000002610809244</IBAN>
					</Id>
				</CdtrAcct>
				<RmtInf>
					<Ustrd></Ustrd>
				</RmtInf>
				</CdtTrfTxInf><CdtTrfTxInf><PmtId><EndToEndId>/VS7610222598/SS2516512/KS0308</EndToEndId></PmtId><Amt><InstdAmt Ccy="EUR">116.00</InstdAmt></Amt><ChrgBr>SLEV</ChrgBr><CdtrAgt><FinInstnId><BIC>TATRSKBX</BIC></FinInstnId></CdtrAgt><Cdtr><Nm>Slovak Telekom as</Nm></Cdtr><CdtrAcct><Id><IBAN>SK2811000000002628740740</IBAN></Id></CdtrAcct><RmtInf><Ustrd></Ustrd></RmtInf></CdtTrfTxInf><CdtTrfTxInf><PmtId><EndToEndId>/VS201611b/SS2516514/KS0308</EndToEndId></PmtId><Amt><InstdAmt Ccy="EUR">768.00</InstdAmt></Amt><ChrgBr>SLEV</ChrgBr><CdtrAgt><FinInstnId><BIC>GIBASKBX</BIC></FinInstnId></CdtrAgt><Cdtr><Nm>Martin Mauga</Nm></Cdtr><CdtrAcct><Id><IBAN>SK3609000000000174316697</IBAN></Id></CdtrAcct><RmtInf><Ustrd></Ustrd></RmtInf></CdtTrfTxInf><CdtTrfTxInf><PmtId><EndToEndId>/VS1405259986/SS2516511/KS0308</EndToEndId></PmtId><Amt><InstdAmt Ccy="EUR">875.82</InstdAmt></Amt><ChrgBr>SLEV</ChrgBr><CdtrAgt><FinInstnId><BIC>TATRSKBX</BIC></FinInstnId></CdtrAgt><Cdtr><Nm>SPANDEX sro</Nm></Cdtr><CdtrAcct><Id><IBAN>SK4011000000002622020267</IBAN></Id></CdtrAcct><RmtInf><Ustrd></Ustrd></RmtInf></CdtTrfTxInf><CdtTrfTxInf><PmtId><EndToEndId>/VS161084/SS2516515/KS0308</EndToEndId></PmtId><Amt><InstdAmt Ccy="EUR">100.44</InstdAmt></Amt><ChrgBr>SLEV</ChrgBr><CdtrAgt><FinInstnId><BIC>GIBASKBX</BIC></FinInstnId></CdtrAgt><Cdtr><Nm>AP Service sro</Nm></Cdtr><CdtrAcct><Id><IBAN>SK2209000000000172362593</IBAN></Id></CdtrAcct><RmtInf><Ustrd></Ustrd></RmtInf></CdtTrfTxInf><CdtTrfTxInf><PmtId><EndToEndId>/VS822460000/SS2516510/KS0308</EndToEndId></PmtId><Amt><InstdAmt Ccy="EUR">526.81</InstdAmt></Amt><ChrgBr>SLEV</ChrgBr><CdtrAgt><FinInstnId><BIC>UNCRSKBX</BIC></FinInstnId></CdtrAgt><Cdtr><Nm>SCP Papier as</Nm></Cdtr><CdtrAcct><Id><IBAN>SK4611110000001023397009</IBAN></Id></CdtrAcct><RmtInf><Ustrd></Ustrd></RmtInf></CdtTrfTxInf><CdtTrfTxInf><PmtId><EndToEndId>/VS119/SS2516513/KS0308</EndToEndId></PmtId><Amt><InstdAmt Ccy="EUR">1200.00</InstdAmt></Amt><ChrgBr>SLEV</ChrgBr><CdtrAgt><FinInstnId><BIC>BREXSKBX</BIC></FinInstnId></CdtrAgt><Cdtr><Nm>Andrej Moravk</Nm></Cdtr><CdtrAcct><Id><IBAN>SK1983605207004204707620</IBAN></Id></CdtrAcct><RmtInf><Ustrd></Ustrd></RmtInf></CdtTrfTxInf><CdtTrfTxInf><PmtId><EndToEndId>/VS7700333596/SS2516506/KS0308</EndToEndId></PmtId><Amt><InstdAmt Ccy="EUR">529.01</InstdAmt></Amt><ChrgBr>SLEV</ChrgBr><CdtrAgt><FinInstnId><BIC>UNCRSKBX</BIC></FinInstnId></CdtrAgt><Cdtr><Nm>ANTALIS as</Nm></Cdtr><CdtrAcct><Id><IBAN>SK2911110000001021225000</IBAN></Id></CdtrAcct><RmtInf><Ustrd></Ustrd></RmtInf></CdtTrfTxInf></PmtInf>
	</CstmrCdtTrfInitn>
</Document>
