<?xml version="1.0" encoding="UTF-8"?>
<Document xmlns:xsi="http://www.w3.org/2001/XMLSchema-instance" xmlns="urn:iso:std:iso:20022:tech:xsd:pain.001.001.03" xsi:schemaLocation="urn:iso:std:iso:20022:tech:xsd:pain.001.001.03 pain.001.001.03.xsd">
	<CstmrCdtTrfInitn>
		<GrpHdr>
			<MsgId>104</MsgId>
			<CreDtTm>2017-07-06T08:56:03.000</CreDtTm>
			<Authstn>
				<Prtry>BATCH</Prtry>
			</Authstn>
			<NbOfTxs>1</NbOfTxs>
			<CtrlSum>13177.49</CtrlSum>
			<InitgPty>
				<Nm>Printline</Nm>
			</InitgPty>
		</GrpHdr>
		<PmtInf>
			<PmtInfId>"PMTID-"2017-07-06T08:56:03.000</PmtInfId>
			<PmtMtd>TRF</PmtMtd>
			<PmtTpInf>
				<InstrPrty>NORM</InstrPrty>
				<SvcLvl>
					<Cd>SEPA</Cd>
				</SvcLvl>
			</PmtTpInf>
			<ReqdExctnDt>2017-07-06</ReqdExctnDt>
			<Dbtr>
				<Nm>Printline</Nm>
			</Dbtr>
			<DbtrAcct>
				<Id>
					<IBAN>SK1911000000002628030474</IBAN>
				</Id>
			</DbtrAcct>
			<DbtrAgt>
				<FinInstnId>
					<BIC>TATRSKBX</BIC>
				</FinInstnId>
			</DbtrAgt>
			<ChrgBr>SLEV</ChrgBr>
			
		<CdtTrfTxInf><PmtId><EndToEndId>/VS1002277078/SS2917088/KS0308</EndToEndId></PmtId><Amt><InstdAmt Ccy="EUR">1437.51</InstdAmt></Amt><ChrgBr>SLEV</ChrgBr><CdtrAgt><FinInstnId><BIC>SPSRSKBA</BIC></FinInstnId></CdtrAgt><Cdtr><Nm>Socialna poistovna </Nm></Cdtr><CdtrAcct><Id><IBAN>SK9181800000007000155733</IBAN></Id></CdtrAcct><RmtInf><Ustrd></Ustrd></RmtInf></CdtTrfTxInf><CdtTrfTxInf><PmtId><EndToEndId>/VS082017/SS2517323/KS0308</EndToEndId></PmtId><Amt><InstdAmt Ccy="EUR">1200.00</InstdAmt></Amt><ChrgBr>SLEV</ChrgBr><CdtrAgt><FinInstnId><BIC>UNCRSKBX</BIC></FinInstnId></CdtrAgt><Cdtr><Nm>Ivo midt  SET</Nm></Cdtr><CdtrAcct><Id><IBAN>SK2711110000001354408008</IBAN></Id></CdtrAcct><RmtInf><Ustrd></Ustrd></RmtInf></CdtTrfTxInf><CdtTrfTxInf><PmtId><EndToEndId>/VS1100062017/SS2917087/KS0308</EndToEndId></PmtId><Amt><InstdAmt Ccy="EUR">374.33</InstdAmt></Amt><ChrgBr>SLEV</ChrgBr><CdtrAgt><FinInstnId><BIC>SPSRSKBA</BIC></FinInstnId></CdtrAgt><Cdtr><Nm>Daov rad Bratislava III  mzdy</Nm></Cdtr><CdtrAcct><Id><IBAN>SK1881805002598028010645</IBAN></Id></CdtrAcct><RmtInf><Ustrd></Ustrd></RmtInf></CdtTrfTxInf><CdtTrfTxInf><PmtId><EndToEndId>/VS20170002/SS2517329/KS0308</EndToEndId></PmtId><Amt><InstdAmt Ccy="EUR">1500.00</InstdAmt></Amt><ChrgBr>SLEV</ChrgBr><CdtrAgt><FinInstnId><BIC>BREXSKBX</BIC></FinInstnId></CdtrAgt><Cdtr><Nm>United Agency sro</Nm></Cdtr><CdtrAcct><Id><IBAN>SK4183605207004205725433</IBAN></Id></CdtrAcct><RmtInf><Ustrd></Ustrd></RmtInf></CdtTrfTxInf><CdtTrfTxInf><PmtId><EndToEndId>/VS201706/SS2917086/KS0308</EndToEndId></PmtId><Amt><InstdAmt Ccy="EUR">581.79</InstdAmt></Amt><ChrgBr>SLEV</ChrgBr><CdtrAgt><FinInstnId><BIC>GIBASKBX</BIC></FinInstnId></CdtrAgt><Cdtr><Nm>Ivan Malk</Nm></Cdtr><CdtrAcct><Id><IBAN>SK9309000000000010750585</IBAN></Id></CdtrAcct><RmtInf><Ustrd></Ustrd></RmtInf></CdtTrfTxInf><CdtTrfTxInf><PmtId><EndToEndId>/VS72017/SS2517322/KS0308</EndToEndId></PmtId><Amt><InstdAmt Ccy="EUR">1300.00</InstdAmt></Amt><ChrgBr>SLEV</ChrgBr><CdtrAgt><FinInstnId><BIC>TATRSKBX</BIC></FinInstnId></CdtrAgt><Cdtr><Nm>ROBERT Honz  polygrafick vroba</Nm></Cdtr><CdtrAcct><Id><IBAN>SK4711000000002626834057</IBAN></Id></CdtrAcct><RmtInf><Ustrd></Ustrd></RmtInf></CdtTrfTxInf><CdtTrfTxInf><PmtId><EndToEndId>/VS201706/SS2917085/KS3018</EndToEndId></PmtId><Amt><InstdAmt Ccy="EUR">735.73</InstdAmt></Amt><ChrgBr>SLEV</ChrgBr><CdtrAgt><FinInstnId><BIC>TATRSKBX</BIC></FinInstnId></CdtrAgt><Cdtr><Nm>Alena Papaiov</Nm></Cdtr><CdtrAcct><Id><IBAN>SK9111000000002914920646</IBAN></Id></CdtrAcct><RmtInf><Ustrd></Ustrd></RmtInf></CdtTrfTxInf><CdtTrfTxInf><PmtId><EndToEndId>/VS1707000/SS2517332/KS0308</EndToEndId></PmtId><Amt><InstdAmt Ccy="EUR">545.40</InstdAmt></Amt><ChrgBr>SLEV</ChrgBr><CdtrAgt><FinInstnId><BIC>CITISKBA</BIC></FinInstnId></CdtrAgt><Cdtr><Nm>Essentra Components sro</Nm></Cdtr><CdtrAcct><Id><IBAN>SK1081300000002011550007</IBAN></Id></CdtrAcct><RmtInf><Ustrd></Ustrd></RmtInf></CdtTrfTxInf><CdtTrfTxInf><PmtId><EndToEndId>/VS201706/SS2917084/KS0308</EndToEndId></PmtId><Amt><InstdAmt Ccy="EUR">619.39</InstdAmt></Amt><ChrgBr>SLEV</ChrgBr><CdtrAgt><FinInstnId><BIC>TATRSKBX</BIC></FinInstnId></CdtrAgt><Cdtr><Nm>Marin Krajovi</Nm></Cdtr><CdtrAcct><Id><IBAN>SK0311000000002611979202</IBAN></Id></CdtrAcct><RmtInf><Ustrd></Ustrd></RmtInf></CdtTrfTxInf><CdtTrfTxInf><PmtId><EndToEndId>/VS3636149661/SS2917090/KS0308</EndToEndId></PmtId><Amt><InstdAmt Ccy="EUR">134.12</InstdAmt></Amt><ChrgBr>SLEV</ChrgBr><CdtrAgt><FinInstnId><BIC>SPSRSKBA</BIC></FinInstnId></CdtrAgt><Cdtr><Nm>VZP</Nm></Cdtr><CdtrAcct><Id><IBAN>SK4281800000007000221411</IBAN></Id></CdtrAcct><RmtInf><Ustrd></Ustrd></RmtInf></CdtTrfTxInf><CdtTrfTxInf><PmtId><EndToEndId>/VS201706/SS2917083/KS0308</EndToEndId></PmtId><Amt><InstdAmt Ccy="EUR">616.86</InstdAmt></Amt><ChrgBr>SLEV</ChrgBr><CdtrAgt><FinInstnId><BIC>SUBASKBX</BIC></FinInstnId></CdtrAgt><Cdtr><Nm>Zuzana Janegov</Nm></Cdtr><CdtrAcct><Id><IBAN>SK9102000000001152609151</IBAN></Id></CdtrAcct><RmtInf><Ustrd></Ustrd></RmtInf></CdtTrfTxInf><CdtTrfTxInf><PmtId><EndToEndId>/VS062017/SS2517324/KS0308</EndToEndId></PmtId><Amt><InstdAmt Ccy="EUR">1500.00</InstdAmt></Amt><ChrgBr>SLEV</ChrgBr><CdtrAgt><FinInstnId><BIC>TATRSKBX</BIC></FinInstnId></CdtrAgt><Cdtr><Nm>Lucia Palkoviov  polygrafick vroba</Nm></Cdtr><CdtrAcct><Id><IBAN>SK4311000000002610809244</IBAN></Id></CdtrAcct><RmtInf><Ustrd></Ustrd></RmtInf></CdtTrfTxInf><CdtTrfTxInf><PmtId><EndToEndId>/VS201706/SS2917082/KS0308</EndToEndId></PmtId><Amt><InstdAmt Ccy="EUR">347.17</InstdAmt></Amt><ChrgBr>SLEV</ChrgBr><CdtrAgt><FinInstnId><BIC>TATRSKBX</BIC></FinInstnId></CdtrAgt><Cdtr><Nm>Duan eransk</Nm></Cdtr><CdtrAcct><Id><IBAN>SK0511000000002937110750</IBAN></Id></CdtrAcct><RmtInf><Ustrd></Ustrd></RmtInf></CdtTrfTxInf><CdtTrfTxInf><PmtId><EndToEndId>/VS3636149600/SS2917089/KS0308</EndToEndId></PmtId><Amt><InstdAmt Ccy="EUR">147.56</InstdAmt></Amt><ChrgBr>SLEV</ChrgBr><CdtrAgt><FinInstnId><BIC>SPSRSKBA</BIC></FinInstnId></CdtrAgt><Cdtr><Nm>Dvera</Nm></Cdtr><CdtrAcct><Id><IBAN>SK5281800000007000747747</IBAN></Id></CdtrAcct><RmtInf><Ustrd></Ustrd></RmtInf></CdtTrfTxInf><CdtTrfTxInf><PmtId><EndToEndId>/VS201706/SS2917081/KS0308</EndToEndId></PmtId><Amt><InstdAmt Ccy="EUR">43.30</InstdAmt></Amt><ChrgBr>SLEV</ChrgBr><CdtrAgt><FinInstnId><BIC>KOMASK2X</BIC></FinInstnId></CdtrAgt><Cdtr><Nm>Duan Bui</Nm></Cdtr><CdtrAcct><Id><IBAN>SK6956000000002314860002</IBAN></Id></CdtrAcct><RmtInf><Ustrd></Ustrd></RmtInf></CdtTrfTxInf><CdtTrfTxInf>
				<PmtId>
					<EndToEndId>/VS2017014/SS2517333/KS0308</EndToEndId>
				</PmtId>
				<Amt>
					<InstdAmt Ccy="EUR">2000.00</InstdAmt>
				</Amt>
				<ChrgBr>SLEV</ChrgBr>
				<CdtrAgt>
					<FinInstnId>
						<BIC>TATRSKBX</BIC>
					</FinInstnId>
				</CdtrAgt>
				<Cdtr>
					<Nm>Peter Marko</Nm>
				</Cdtr>
				<CdtrAcct>
					<Id>
						<IBAN>SK7811000000002625762813</IBAN>
					</Id>
				</CdtrAcct>
				<RmtInf>
					<Ustrd></Ustrd>
				</RmtInf>
				</CdtTrfTxInf><CdtTrfTxInf><PmtId><EndToEndId>/VS3550915/SS2917080/KS0308</EndToEndId></PmtId><Amt><InstdAmt Ccy="EUR">94.33</InstdAmt></Amt><ChrgBr>SLEV</ChrgBr><CdtrAgt><FinInstnId><BIC>POBNSKBA</BIC></FinInstnId></CdtrAgt><Cdtr><Nm>Sdny exektor Rudolf Kruty  EX 3550915</Nm></Cdtr><CdtrAcct><Id><IBAN>SK6365000000000020296179</IBAN></Id></CdtrAcct><RmtInf><Ustrd></Ustrd></RmtInf></CdtTrfTxInf></PmtInf>
	</CstmrCdtTrfInitn>
</Document>
