<?xml version="1.0" encoding="UTF-8"?>
<Document xmlns:xsi="http://www.w3.org/2001/XMLSchema-instance" xmlns="urn:iso:std:iso:20022:tech:xsd:pain.001.001.03" xsi:schemaLocation="urn:iso:std:iso:20022:tech:xsd:pain.001.001.03 pain.001.001.03.xsd">
	<CstmrCdtTrfInitn>
		<GrpHdr>
			<MsgId>123</MsgId>
			<CreDtTm>2017-10-03T19:19:46.000</CreDtTm>
			<Authstn>
				<Prtry>BATCH</Prtry>
			</Authstn>
			<NbOfTxs>1</NbOfTxs>
			<CtrlSum>13642.73</CtrlSum>
			<InitgPty>
				<Nm>Printline</Nm>
			</InitgPty>
		</GrpHdr>
		<PmtInf>
			<PmtInfId>"PMTID-"2017-10-03T19:19:46.000</PmtInfId>
			<PmtMtd>TRF</PmtMtd>
			<PmtTpInf>
				<InstrPrty>NORM</InstrPrty>
				<SvcLvl>
					<Cd>SEPA</Cd>
				</SvcLvl>
			</PmtTpInf>
			<ReqdExctnDt>2017-10-03</ReqdExctnDt>
			<Dbtr>
				<Nm>Printline</Nm>
			</Dbtr>
			<DbtrAcct>
				<Id>
					<IBAN>SK1911000000002628030474</IBAN>
				</Id>
			</DbtrAcct>
			<DbtrAgt>
				<FinInstnId>
					<BIC>TATRSKBX</BIC>
				</FinInstnId>
			</DbtrAgt>
			<ChrgBr>SLEV</ChrgBr>
			
		<CdtTrfTxInf><PmtId><EndToEndId>/VS102017/SS2517471/KS0308</EndToEndId></PmtId><Amt><InstdAmt Ccy="EUR">1300.00</InstdAmt></Amt><ChrgBr>SLEV</ChrgBr><CdtrAgt><FinInstnId><BIC>TATRSKBX</BIC></FinInstnId></CdtrAgt><Cdtr><Nm>ROBERT Honz  polygrafick vroba</Nm></Cdtr><CdtrAcct><Id><IBAN>SK4711000000002626834057</IBAN></Id></CdtrAcct><RmtInf><Ustrd></Ustrd></RmtInf></CdtTrfTxInf><CdtTrfTxInf><PmtId><EndToEndId>/VS3636149661/SS2917132/KS0308</EndToEndId></PmtId><Amt><InstdAmt Ccy="EUR">355.02</InstdAmt></Amt><ChrgBr>SLEV</ChrgBr><CdtrAgt><FinInstnId><BIC>SPSRSKBA</BIC></FinInstnId></CdtrAgt><Cdtr><Nm>VZP</Nm></Cdtr><CdtrAcct><Id><IBAN>SK4281800000007000221411</IBAN></Id></CdtrAcct><RmtInf><Ustrd></Ustrd></RmtInf></CdtTrfTxInf><CdtTrfTxInf><PmtId><EndToEndId>/VS132017/SS2517470/KS0308</EndToEndId></PmtId><Amt><InstdAmt Ccy="EUR">1200.00</InstdAmt></Amt><ChrgBr>SLEV</ChrgBr><CdtrAgt><FinInstnId><BIC>UNCRSKBX</BIC></FinInstnId></CdtrAgt><Cdtr><Nm>Ivo midt  SET</Nm></Cdtr><CdtrAcct><Id><IBAN>SK2711110000001354408008</IBAN></Id></CdtrAcct><RmtInf><Ustrd></Ustrd></RmtInf></CdtTrfTxInf><CdtTrfTxInf><PmtId><EndToEndId>/VS201709/SS2917128/KS0308</EndToEndId></PmtId><Amt><InstdAmt Ccy="EUR">770.30</InstdAmt></Amt><ChrgBr>SLEV</ChrgBr><CdtrAgt><FinInstnId><BIC>TATRSKBX</BIC></FinInstnId></CdtrAgt><Cdtr><Nm>Ivona Jurani</Nm></Cdtr><CdtrAcct><Id><IBAN>SK8711000000002610431704</IBAN></Id></CdtrAcct><RmtInf><Ustrd></Ustrd></RmtInf></CdtTrfTxInf><CdtTrfTxInf><PmtId><EndToEndId>/VS8410917/SS2517467/KS0308</EndToEndId></PmtId><Amt><InstdAmt Ccy="EUR">261.90</InstdAmt></Amt><ChrgBr>SLEV</ChrgBr><CdtrAgt><FinInstnId><BIC>TATRSKBX</BIC></FinInstnId></CdtrAgt><Cdtr><Nm>Prego  Mag sro</Nm></Cdtr><CdtrAcct><Id><IBAN>SK8811000000002626011341</IBAN></Id></CdtrAcct><RmtInf><Ustrd></Ustrd></RmtInf></CdtTrfTxInf><CdtTrfTxInf>
				<PmtId>
					<EndToEndId>/VS3636149661/SS2917135/KS0308</EndToEndId>
				</PmtId>
				<Amt>
					<InstdAmt Ccy="EUR">300.00</InstdAmt>
				</Amt>
				<ChrgBr>SLEV</ChrgBr>
				<CdtrAgt>
					<FinInstnId>
						<BIC>SPSRSKBA</BIC>
					</FinInstnId>
				</CdtrAgt>
				<Cdtr>
					<Nm>VZP</Nm>
				</Cdtr>
				<CdtrAcct>
					<Id>
						<IBAN>SK4281800000007000221411</IBAN>
					</Id>
				</CdtrAcct>
				<RmtInf>
					<Ustrd></Ustrd>
				</RmtInf>
				</CdtTrfTxInf><CdtTrfTxInf><PmtId><EndToEndId>/VS20172005/SS2517468/KS0308</EndToEndId></PmtId><Amt><InstdAmt Ccy="EUR">27.65</InstdAmt></Amt><ChrgBr>SLEV</ChrgBr><CdtrAgt><FinInstnId><BIC>TATRSKBX</BIC></FinInstnId></CdtrAgt><Cdtr><Nm>DECS CONSULTING spol s ro</Nm></Cdtr><CdtrAcct><Id><IBAN>SK2511000000002625704015</IBAN></Id></CdtrAcct><RmtInf><Ustrd></Ustrd></RmtInf></CdtTrfTxInf><CdtTrfTxInf><PmtId><EndToEndId>/VS201709/SS2917127/KS0308</EndToEndId></PmtId><Amt><InstdAmt Ccy="EUR">619.62</InstdAmt></Amt><ChrgBr>SLEV</ChrgBr><CdtrAgt><FinInstnId><BIC>GIBASKBX</BIC></FinInstnId></CdtrAgt><Cdtr><Nm>Ivan Malk</Nm></Cdtr><CdtrAcct><Id><IBAN>SK9309000000000010750585</IBAN></Id></CdtrAcct><RmtInf><Ustrd></Ustrd></RmtInf></CdtTrfTxInf><CdtTrfTxInf><PmtId><EndToEndId>/VS9170925/SS2517465/KS0308</EndToEndId></PmtId><Amt><InstdAmt Ccy="EUR">247.20</InstdAmt></Amt><ChrgBr>SLEV</ChrgBr><CdtrAgt><FinInstnId><BIC>TATRSKBX</BIC></FinInstnId></CdtrAgt><Cdtr><Nm>BIND print sro</Nm></Cdtr><CdtrAcct><Id><IBAN>SK5511000000002922851820</IBAN></Id></CdtrAcct><RmtInf><Ustrd></Ustrd></RmtInf></CdtTrfTxInf><CdtTrfTxInf><PmtId><EndToEndId>/VS3636149600/SS2917131/KS0308</EndToEndId></PmtId><Amt><InstdAmt Ccy="EUR">147.00</InstdAmt></Amt><ChrgBr>SLEV</ChrgBr><CdtrAgt><FinInstnId><BIC>SPSRSKBA</BIC></FinInstnId></CdtrAgt><Cdtr><Nm>Dvera</Nm></Cdtr><CdtrAcct><Id><IBAN>SK5281800000007000747747</IBAN></Id></CdtrAcct><RmtInf><Ustrd></Ustrd></RmtInf></CdtTrfTxInf><CdtTrfTxInf><PmtId><EndToEndId>/VS20170304/SS2517464/KS0308</EndToEndId></PmtId><Amt><InstdAmt Ccy="EUR">62.40</InstdAmt></Amt><ChrgBr>SLEV</ChrgBr><CdtrAgt><FinInstnId><BIC>SUBASKBX</BIC></FinInstnId></CdtrAgt><Cdtr><Nm>Ing Miroslav Rekovsk  MiRe</Nm></Cdtr><CdtrAcct><Id><IBAN>SK5302000000000257847012</IBAN></Id></CdtrAcct><RmtInf><Ustrd></Ustrd></RmtInf></CdtTrfTxInf><CdtTrfTxInf><PmtId><EndToEndId>/VS201709/SS2917126/KS0308</EndToEndId></PmtId><Amt><InstdAmt Ccy="EUR">622.26</InstdAmt></Amt><ChrgBr>SLEV</ChrgBr><CdtrAgt><FinInstnId><BIC>SUBASKBX</BIC></FinInstnId></CdtrAgt><Cdtr><Nm>Zuzana Janegov</Nm></Cdtr><CdtrAcct><Id><IBAN>SK9102000000001152609151</IBAN></Id></CdtrAcct><RmtInf><Ustrd></Ustrd></RmtInf></CdtTrfTxInf><CdtTrfTxInf><PmtId><EndToEndId>/VS20171794/SS2517462/KS0308</EndToEndId></PmtId><Amt><InstdAmt Ccy="EUR">42.00</InstdAmt></Amt><ChrgBr>SLEV</ChrgBr><CdtrAgt><FinInstnId><BIC>TATRSKBX</BIC></FinInstnId></CdtrAgt><Cdtr><Nm>areaprint sro</Nm></Cdtr><CdtrAcct><Id><IBAN>SK1811000000002924908595</IBAN></Id></CdtrAcct><RmtInf><Ustrd></Ustrd></RmtInf></CdtTrfTxInf><CdtTrfTxInf><PmtId><EndToEndId>/VS1002277078/SS2917133/KS0308</EndToEndId></PmtId><Amt><InstdAmt Ccy="EUR">1240.63</InstdAmt></Amt><ChrgBr>SLEV</ChrgBr><CdtrAgt><FinInstnId><BIC>SPSRSKBA</BIC></FinInstnId></CdtrAgt><Cdtr><Nm>Socialna poistovna </Nm></Cdtr><CdtrAcct><Id><IBAN>SK9181800000007000155733</IBAN></Id></CdtrAcct><RmtInf><Ustrd></Ustrd></RmtInf></CdtTrfTxInf><CdtTrfTxInf><PmtId><EndToEndId>/VS3962017/SS2517454/KS0308</EndToEndId></PmtId><Amt><InstdAmt Ccy="EUR">21.00</InstdAmt></Amt><ChrgBr>SLEV</ChrgBr><CdtrAgt><FinInstnId><BIC>TATRSKBX</BIC></FinInstnId></CdtrAgt><Cdtr><Nm>Marek Vach</Nm></Cdtr><CdtrAcct><Id><IBAN>SK2711000000002623431463</IBAN></Id></CdtrAcct><RmtInf><Ustrd></Ustrd></RmtInf></CdtTrfTxInf><CdtTrfTxInf><PmtId><EndToEndId>/VS4082017/SS2517478/KS0308</EndToEndId></PmtId><Amt><InstdAmt Ccy="EUR">21.00</InstdAmt></Amt><ChrgBr>SLEV</ChrgBr><CdtrAgt><FinInstnId><BIC>TATRSKBX</BIC></FinInstnId></CdtrAgt><Cdtr><Nm>Marek Vach</Nm></Cdtr><CdtrAcct><Id><IBAN>SK2711000000002623431463</IBAN></Id></CdtrAcct><RmtInf><Ustrd></Ustrd></RmtInf></CdtTrfTxInf><CdtTrfTxInf><PmtId><EndToEndId>/VS201710/SS2517459/KS0308</EndToEndId></PmtId><Amt><InstdAmt Ccy="EUR">1200.00</InstdAmt></Amt><ChrgBr>SLEV</ChrgBr><CdtrAgt><FinInstnId><BIC>BREXSKBX</BIC></FinInstnId></CdtrAgt><Cdtr><Nm>Mgr art Andrej Moravk</Nm></Cdtr><CdtrAcct><Id><IBAN>SK1983605207004204707620</IBAN></Id></CdtrAcct><RmtInf><Ustrd></Ustrd></RmtInf></CdtTrfTxInf><CdtTrfTxInf><PmtId><EndToEndId>/VS201709/SS2917130/KS0308</EndToEndId></PmtId><Amt><InstdAmt Ccy="EUR">43.30</InstdAmt></Amt><ChrgBr>SLEV</ChrgBr><CdtrAgt><FinInstnId><BIC>KOMASK2X</BIC></FinInstnId></CdtrAgt><Cdtr><Nm>Duan Bui</Nm></Cdtr><CdtrAcct><Id><IBAN>SK6956000000002314860002</IBAN></Id></CdtrAcct><RmtInf><Ustrd></Ustrd></RmtInf></CdtTrfTxInf><CdtTrfTxInf><PmtId><EndToEndId>/VS1017091098/SS2517456/KS0308</EndToEndId></PmtId><Amt><InstdAmt Ccy="EUR">48.00</InstdAmt></Amt><ChrgBr>SLEV</ChrgBr><CdtrAgt><FinInstnId><BIC>CEKOSKBX</BIC></FinInstnId></CdtrAgt><Cdtr><Nm>MP spol s ro</Nm></Cdtr><CdtrAcct><Id><IBAN>SK1875000000000184271883</IBAN></Id></CdtrAcct><RmtInf><Ustrd></Ustrd></RmtInf></CdtTrfTxInf><CdtTrfTxInf><PmtId><EndToEndId>/VS1700264/SS2617024/KS0308</EndToEndId></PmtId><Amt><InstdAmt Ccy="EUR">41.00</InstdAmt></Amt><ChrgBr>SLEV</ChrgBr><CdtrAgt><FinInstnId><BIC>CEKOSKBX</BIC></FinInstnId></CdtrAgt><Cdtr><Nm>FORMICA CZ sro</Nm></Cdtr><CdtrAcct><Id><IBAN>SK6875000000004010432200</IBAN></Id></CdtrAcct><RmtInf><Ustrd></Ustrd></RmtInf></CdtTrfTxInf><CdtTrfTxInf><PmtId><EndToEndId>/VS123404597/SS2517428/KS0308</EndToEndId></PmtId><Amt><InstdAmt Ccy="EUR">258.13</InstdAmt></Amt><ChrgBr>SLEV</ChrgBr><CdtrAgt><FinInstnId><BIC>TATRSKBX</BIC></FinInstnId></CdtrAgt><Cdtr><Nm>SCHENKER sro</Nm></Cdtr><CdtrAcct><Id><IBAN>SK7811000000002627310060</IBAN></Id></CdtrAcct><RmtInf><Ustrd></Ustrd></RmtInf></CdtTrfTxInf><CdtTrfTxInf><PmtId><EndToEndId>/VS1100092017/SS2917134/KS0308</EndToEndId></PmtId><Amt><InstdAmt Ccy="EUR">298.11</InstdAmt></Amt><ChrgBr>SLEV</ChrgBr><CdtrAgt><FinInstnId><BIC>SPSRSKBA</BIC></FinInstnId></CdtrAgt><Cdtr><Nm>Daov rad Bratislava III  mzdy</Nm></Cdtr><CdtrAcct><Id><IBAN>SK1881805002598028010645</IBAN></Id></CdtrAcct><RmtInf><Ustrd></Ustrd></RmtInf></CdtTrfTxInf><CdtTrfTxInf><PmtId><EndToEndId>/VS7700364525/SS2517409/KS0308</EndToEndId></PmtId><Amt><InstdAmt Ccy="EUR">587.00</InstdAmt></Amt><ChrgBr>SLEV</ChrgBr><CdtrAgt><FinInstnId><BIC>UNCRSKBX</BIC></FinInstnId></CdtrAgt><Cdtr><Nm>ANTALIS as</Nm></Cdtr><CdtrAcct><Id><IBAN>SK2911110000001021225000</IBAN></Id></CdtrAcct><RmtInf><Ustrd></Ustrd></RmtInf></CdtTrfTxInf><CdtTrfTxInf><PmtId><EndToEndId>/VS092017/SS2517475/KS0308</EndToEndId></PmtId><Amt><InstdAmt Ccy="EUR">1500.00</InstdAmt></Amt><ChrgBr>SLEV</ChrgBr><CdtrAgt><FinInstnId><BIC>TATRSKBX</BIC></FinInstnId></CdtrAgt><Cdtr><Nm>Lucia Palkoviov  polygrafick vroba</Nm></Cdtr><CdtrAcct><Id><IBAN>SK4311000000002610809244</IBAN></Id></CdtrAcct><RmtInf><Ustrd></Ustrd></RmtInf></CdtTrfTxInf><CdtTrfTxInf><PmtId><EndToEndId>/VS582370000/SS2517400/KS0308</EndToEndId></PmtId><Amt><InstdAmt Ccy="EUR">750.95</InstdAmt></Amt><ChrgBr>SLEV</ChrgBr><CdtrAgt><FinInstnId><BIC>UNCRSKBX</BIC></FinInstnId></CdtrAgt><Cdtr><Nm>SCP Papier as</Nm></Cdtr><CdtrAcct><Id><IBAN>SK4611110000001023397009</IBAN></Id></CdtrAcct><RmtInf><Ustrd></Ustrd></RmtInf></CdtTrfTxInf><CdtTrfTxInf><PmtId><EndToEndId>/VS201709/SS2917129/KS0308</EndToEndId></PmtId><Amt><InstdAmt Ccy="EUR">622.26</InstdAmt></Amt><ChrgBr>SLEV</ChrgBr><CdtrAgt><FinInstnId><BIC>TATRSKBX</BIC></FinInstnId></CdtrAgt><Cdtr><Nm>Marin Krajovi</Nm></Cdtr><CdtrAcct><Id><IBAN>SK0311000000002611979202</IBAN></Id></CdtrAcct><RmtInf><Ustrd></Ustrd></RmtInf></CdtTrfTxInf><CdtTrfTxInf><PmtId><EndToEndId>/VS2017098/SS2517418/KS0308</EndToEndId></PmtId><Amt><InstdAmt Ccy="EUR">1056.00</InstdAmt></Amt><ChrgBr>SLEV</ChrgBr><CdtrAgt><FinInstnId><BIC>TATRSKBX</BIC></FinInstnId></CdtrAgt><Cdtr><Nm>Opack sro</Nm></Cdtr><CdtrAcct><Id><IBAN>SK1311000000002621802697</IBAN></Id></CdtrAcct><RmtInf><Ustrd></Ustrd></RmtInf></CdtTrfTxInf></PmtInf>
	</CstmrCdtTrfInitn>
</Document>
