<?xml version="1.0" encoding="UTF-8"?>
<Document xmlns:xsi="http://www.w3.org/2001/XMLSchema-instance" xmlns="urn:iso:std:iso:20022:tech:xsd:pain.001.001.03" xsi:schemaLocation="urn:iso:std:iso:20022:tech:xsd:pain.001.001.03 pain.001.001.03.xsd">
	<CstmrCdtTrfInitn>
		<GrpHdr>
			<MsgId>133</MsgId>
			<CreDtTm>2017-11-06T17:21:20.000</CreDtTm>
			<Authstn>
				<Prtry>BATCH</Prtry>
			</Authstn>
			<NbOfTxs>1</NbOfTxs>
			<CtrlSum>7958.27</CtrlSum>
			<InitgPty>
				<Nm>Printline</Nm>
			</InitgPty>
		</GrpHdr>
		<PmtInf>
			<PmtInfId>"PMTID-"2017-11-06T17:21:20.000</PmtInfId>
			<PmtMtd>TRF</PmtMtd>
			<PmtTpInf>
				<InstrPrty>NORM</InstrPrty>
				<SvcLvl>
					<Cd>SEPA</Cd>
				</SvcLvl>
			</PmtTpInf>
			<ReqdExctnDt>2017-11-06</ReqdExctnDt>
			<Dbtr>
				<Nm>Printline</Nm>
			</Dbtr>
			<DbtrAcct>
				<Id>
					<IBAN>SK1911000000002628030474</IBAN>
				</Id>
			</DbtrAcct>
			<DbtrAgt>
				<FinInstnId>
					<BIC>TATRSKBX</BIC>
				</FinInstnId>
			</DbtrAgt>
			<ChrgBr>SLEV</ChrgBr>
			
		<CdtTrfTxInf><PmtId><EndToEndId>/VS2017117/SS2517555/KS0308</EndToEndId></PmtId><Amt><InstdAmt Ccy="EUR">74.88</InstdAmt></Amt><ChrgBr>SLEV</ChrgBr><CdtrAgt><FinInstnId><BIC>TATRSKBX</BIC></FinInstnId></CdtrAgt><Cdtr><Nm>Opack sro</Nm></Cdtr><CdtrAcct><Id><IBAN>SK1311000000002621802697</IBAN></Id></CdtrAcct><RmtInf><Ustrd></Ustrd></RmtInf></CdtTrfTxInf><CdtTrfTxInf><PmtId><EndToEndId>/VS201710/SS2917144/KS0308</EndToEndId></PmtId><Amt><InstdAmt Ccy="EUR">616.86</InstdAmt></Amt><ChrgBr>SLEV</ChrgBr><CdtrAgt><FinInstnId><BIC>TATRSKBX</BIC></FinInstnId></CdtrAgt><Cdtr><Nm>Marin Krajovi</Nm></Cdtr><CdtrAcct><Id><IBAN>SK0311000000002611979202</IBAN></Id></CdtrAcct><RmtInf><Ustrd></Ustrd></RmtInf></CdtTrfTxInf><CdtTrfTxInf><PmtId><EndToEndId>/VS1782000524/SS2517554/KS0308</EndToEndId></PmtId><Amt><InstdAmt Ccy="EUR">143.28</InstdAmt></Amt><ChrgBr>SLEV</ChrgBr><CdtrAgt><FinInstnId><BIC>UNCRSKBX</BIC></FinInstnId></CdtrAgt><Cdtr><Nm>GUMMI   PRINT SLOVAKIA spol s ro</Nm></Cdtr><CdtrAcct><Id><IBAN>SK5011110000006605269018</IBAN></Id></CdtrAcct><RmtInf><Ustrd></Ustrd></RmtInf></CdtTrfTxInf><CdtTrfTxInf><PmtId><EndToEndId>/VS1002277078/SS2917148/KS0308</EndToEndId></PmtId><Amt><InstdAmt Ccy="EUR">1245.56</InstdAmt></Amt><ChrgBr>SLEV</ChrgBr><CdtrAgt><FinInstnId><BIC>SPSRSKBA</BIC></FinInstnId></CdtrAgt><Cdtr><Nm>Socialna poistovna </Nm></Cdtr><CdtrAcct><Id><IBAN>SK9181800000007000155733</IBAN></Id></CdtrAcct><RmtInf><Ustrd></Ustrd></RmtInf></CdtTrfTxInf><CdtTrfTxInf><PmtId><EndToEndId>/VS2172315/SS2517552/KS0308</EndToEndId></PmtId><Amt><InstdAmt Ccy="EUR">11.90</InstdAmt></Amt><ChrgBr>SLEV</ChrgBr><CdtrAgt><FinInstnId><BIC>TATRSKBX</BIC></FinInstnId></CdtrAgt><Cdtr><Nm>DECS CONSULTING spol s ro</Nm></Cdtr><CdtrAcct><Id><IBAN>SK2511000000002625704015</IBAN></Id></CdtrAcct><RmtInf><Ustrd></Ustrd></RmtInf></CdtTrfTxInf><CdtTrfTxInf><PmtId><EndToEndId>/VS201710/SS2917143/KS0308</EndToEndId></PmtId><Amt><InstdAmt Ccy="EUR">764.90</InstdAmt></Amt><ChrgBr>SLEV</ChrgBr><CdtrAgt><FinInstnId><BIC>TATRSKBX</BIC></FinInstnId></CdtrAgt><Cdtr><Nm>Ivona Jurani</Nm></Cdtr><CdtrAcct><Id><IBAN>SK8711000000002610431704</IBAN></Id></CdtrAcct><RmtInf><Ustrd></Ustrd></RmtInf></CdtTrfTxInf><CdtTrfTxInf><PmtId><EndToEndId>/VS1405508537/SS2517551/KS0308</EndToEndId></PmtId><Amt><InstdAmt Ccy="EUR">1359.32</InstdAmt></Amt><ChrgBr>SLEV</ChrgBr><CdtrAgt><FinInstnId><BIC>TATRSKBX</BIC></FinInstnId></CdtrAgt><Cdtr><Nm>SPANDEX sro</Nm></Cdtr><CdtrAcct><Id><IBAN>SK4011000000002622020267</IBAN></Id></CdtrAcct><RmtInf><Ustrd></Ustrd></RmtInf></CdtTrfTxInf><CdtTrfTxInf><PmtId><EndToEndId>/VS3636149600/SS2917146/KS0308</EndToEndId></PmtId><Amt><InstdAmt Ccy="EUR">147.00</InstdAmt></Amt><ChrgBr>SLEV</ChrgBr><CdtrAgt><FinInstnId><BIC>SPSRSKBA</BIC></FinInstnId></CdtrAgt><Cdtr><Nm>Dvera</Nm></Cdtr><CdtrAcct><Id><IBAN>SK5281800000007000747747</IBAN></Id></CdtrAcct><RmtInf><Ustrd></Ustrd></RmtInf></CdtTrfTxInf><CdtTrfTxInf><PmtId><EndToEndId>/VS20172300/SS2517548/KS0308</EndToEndId></PmtId><Amt><InstdAmt Ccy="EUR">23.81</InstdAmt></Amt><ChrgBr>SLEV</ChrgBr><CdtrAgt><FinInstnId><BIC>TATRSKBX</BIC></FinInstnId></CdtrAgt><Cdtr><Nm>DECS CONSULTING spol s ro</Nm></Cdtr><CdtrAcct><Id><IBAN>SK2511000000002625704015</IBAN></Id></CdtrAcct><RmtInf><Ustrd></Ustrd></RmtInf></CdtTrfTxInf><CdtTrfTxInf><PmtId><EndToEndId>/VS201710/SS2917142/KS0308</EndToEndId></PmtId><Amt><InstdAmt Ccy="EUR">616.86</InstdAmt></Amt><ChrgBr>SLEV</ChrgBr><CdtrAgt><FinInstnId><BIC>GIBASKBX</BIC></FinInstnId></CdtrAgt><Cdtr><Nm>Ivan Malk</Nm></Cdtr><CdtrAcct><Id><IBAN>SK9309000000000010750585</IBAN></Id></CdtrAcct><RmtInf><Ustrd></Ustrd></RmtInf></CdtTrfTxInf><CdtTrfTxInf><PmtId><EndToEndId>/VS774870000/SS2517547/KS0308</EndToEndId></PmtId><Amt><InstdAmt Ccy="EUR">555.79</InstdAmt></Amt><ChrgBr>SLEV</ChrgBr><CdtrAgt><FinInstnId><BIC>UNCRSKBX</BIC></FinInstnId></CdtrAgt><Cdtr><Nm>SCP Papier as</Nm></Cdtr><CdtrAcct><Id><IBAN>SK4611110000001023397009</IBAN></Id></CdtrAcct><RmtInf><Ustrd></Ustrd></RmtInf></CdtTrfTxInf><CdtTrfTxInf>
				<PmtId>
					<EndToEndId>/VS1100102017/SS2917149/KS0308</EndToEndId>
				</PmtId>
				<Amt>
					<InstdAmt Ccy="EUR">300.42</InstdAmt>
				</Amt>
				<ChrgBr>SLEV</ChrgBr>
				<CdtrAgt>
					<FinInstnId>
						<BIC>SPSRSKBA</BIC>
					</FinInstnId>
				</CdtrAgt>
				<Cdtr>
					<Nm>Daov rad Bratislava III  mzdy</Nm>
				</Cdtr>
				<CdtrAcct>
					<Id>
						<IBAN>SK1881805002598028010645</IBAN>
					</Id>
				</CdtrAcct>
				<RmtInf>
					<Ustrd></Ustrd>
				</RmtInf>
				</CdtTrfTxInf><CdtTrfTxInf><PmtId><EndToEndId>/VS763470000/SS2517541/KS0308</EndToEndId></PmtId><Amt><InstdAmt Ccy="EUR">14.08</InstdAmt></Amt><ChrgBr>SLEV</ChrgBr><CdtrAgt><FinInstnId><BIC>UNCRSKBX</BIC></FinInstnId></CdtrAgt><Cdtr><Nm>SCP Papier as</Nm></Cdtr><CdtrAcct><Id><IBAN>SK4611110000001023397009</IBAN></Id></CdtrAcct><RmtInf><Ustrd></Ustrd></RmtInf></CdtTrfTxInf><CdtTrfTxInf><PmtId><EndToEndId>/VS201710/SS2917141/KS0308</EndToEndId></PmtId><Amt><InstdAmt Ccy="EUR">616.86</InstdAmt></Amt><ChrgBr>SLEV</ChrgBr><CdtrAgt><FinInstnId><BIC>SUBASKBX</BIC></FinInstnId></CdtrAgt><Cdtr><Nm>Zuzana Janegov</Nm></Cdtr><CdtrAcct><Id><IBAN>SK9102000000001152609151</IBAN></Id></CdtrAcct><RmtInf><Ustrd></Ustrd></RmtInf></CdtTrfTxInf><CdtTrfTxInf><PmtId><EndToEndId>/VS20170721/SS2517540/KS0308</EndToEndId></PmtId><Amt><InstdAmt Ccy="EUR">71.28</InstdAmt></Amt><ChrgBr>SLEV</ChrgBr><CdtrAgt><FinInstnId><BIC>UNCRSKBX</BIC></FinInstnId></CdtrAgt><Cdtr><Nm>ALP propagan servis sro</Nm></Cdtr><CdtrAcct><Id><IBAN>SK5011110000006629519018</IBAN></Id></CdtrAcct><RmtInf><Ustrd></Ustrd></RmtInf></CdtTrfTxInf><CdtTrfTxInf><PmtId><EndToEndId>/VS201710/SS2917145/KS0308</EndToEndId></PmtId><Amt><InstdAmt Ccy="EUR">43.30</InstdAmt></Amt><ChrgBr>SLEV</ChrgBr><CdtrAgt><FinInstnId><BIC>KOMASK2X</BIC></FinInstnId></CdtrAgt><Cdtr><Nm>Duan Bui</Nm></Cdtr><CdtrAcct><Id><IBAN>SK6956000000002314860002</IBAN></Id></CdtrAcct><RmtInf><Ustrd></Ustrd></RmtInf></CdtTrfTxInf><CdtTrfTxInf><PmtId><EndToEndId>/VS3100158323/SS2517538/KS0308</EndToEndId></PmtId><Amt><InstdAmt Ccy="EUR">331.54</InstdAmt></Amt><ChrgBr>SLEV</ChrgBr><CdtrAgt><FinInstnId><BIC>UNCRSKBX</BIC></FinInstnId></CdtrAgt><Cdtr><Nm>EUROPAPIER  SLOVAKIA spol  s ro</Nm></Cdtr><CdtrAcct><Id><IBAN>SK9311110000001003055263</IBAN></Id></CdtrAcct><RmtInf><Ustrd></Ustrd></RmtInf></CdtTrfTxInf><CdtTrfTxInf><PmtId><EndToEndId>/VS482861/SS2517556/KS0308</EndToEndId></PmtId><Amt><InstdAmt Ccy="EUR">111.25</InstdAmt></Amt><ChrgBr>SLEV</ChrgBr><CdtrAgt><FinInstnId><BIC>UNCRSKBX</BIC></FinInstnId></CdtrAgt><Cdtr><Nm>HEIDELBERG Slovensko sro</Nm></Cdtr><CdtrAcct><Id><IBAN>SK2011110000000005333007</IBAN></Id></CdtrAcct><RmtInf><Ustrd></Ustrd></RmtInf></CdtTrfTxInf><CdtTrfTxInf><PmtId><EndToEndId>/VS3100158077/SS2517537/KS0308</EndToEndId></PmtId><Amt><InstdAmt Ccy="EUR">253.50</InstdAmt></Amt><ChrgBr>SLEV</ChrgBr><CdtrAgt><FinInstnId><BIC>UNCRSKBX</BIC></FinInstnId></CdtrAgt><Cdtr><Nm>EUROPAPIER  SLOVAKIA spol  s ro</Nm></Cdtr><CdtrAcct><Id><IBAN>SK9311110000001003055263</IBAN></Id></CdtrAcct><RmtInf><Ustrd></Ustrd></RmtInf></CdtTrfTxInf><CdtTrfTxInf><PmtId><EndToEndId>/VS3636149661/SS2917147/KS0308</EndToEndId></PmtId><Amt><InstdAmt Ccy="EUR">357.00</InstdAmt></Amt><ChrgBr>SLEV</ChrgBr><CdtrAgt><FinInstnId><BIC>SPSRSKBA</BIC></FinInstnId></CdtrAgt><Cdtr><Nm>VZP</Nm></Cdtr><CdtrAcct><Id><IBAN>SK4281800000007000221411</IBAN></Id></CdtrAcct><RmtInf><Ustrd></Ustrd></RmtInf></CdtTrfTxInf><CdtTrfTxInf><PmtId><EndToEndId>/VS3100157977/SS2517531/KS0308</EndToEndId></PmtId><Amt><InstdAmt Ccy="EUR">298.88</InstdAmt></Amt><ChrgBr>SLEV</ChrgBr><CdtrAgt><FinInstnId><BIC>UNCRSKBX</BIC></FinInstnId></CdtrAgt><Cdtr><Nm>EUROPAPIER  SLOVAKIA spol  s ro</Nm></Cdtr><CdtrAcct><Id><IBAN>SK9311110000001003055263</IBAN></Id></CdtrAcct><RmtInf><Ustrd></Ustrd></RmtInf></CdtTrfTxInf></PmtInf>
	</CstmrCdtTrfInitn>
</Document>
