<?xml version="1.0" encoding="UTF-8"?>
<Document xmlns:xsi="http://www.w3.org/2001/XMLSchema-instance" xmlns="urn:iso:std:iso:20022:tech:xsd:pain.001.001.03" xsi:schemaLocation="urn:iso:std:iso:20022:tech:xsd:pain.001.001.03 pain.001.001.03.xsd">
	<CstmrCdtTrfInitn>
		<GrpHdr>
			<MsgId>142</MsgId>
			<CreDtTm>2017-12-20T18:59:00.000</CreDtTm>
			<Authstn>
				<Prtry>BATCH</Prtry>
			</Authstn>
			<NbOfTxs>1</NbOfTxs>
			<CtrlSum>19016.26</CtrlSum>
			<InitgPty>
				<Nm>Printline</Nm>
			</InitgPty>
		</GrpHdr>
		<PmtInf>
			<PmtInfId>"PMTID-"2017-12-20T18:59:00.000</PmtInfId>
			<PmtMtd>TRF</PmtMtd>
			<PmtTpInf>
				<InstrPrty>NORM</InstrPrty>
				<SvcLvl>
					<Cd>SEPA</Cd>
				</SvcLvl>
			</PmtTpInf>
			<ReqdExctnDt>2017-12-20</ReqdExctnDt>
			<Dbtr>
				<Nm>Printline</Nm>
			</Dbtr>
			<DbtrAcct>
				<Id>
					<IBAN>SK1911000000002628030474</IBAN>
				</Id>
			</DbtrAcct>
			<DbtrAgt>
				<FinInstnId>
					<BIC>TATRSKBX</BIC>
				</FinInstnId>
			</DbtrAgt>
			<ChrgBr>SLEV</ChrgBr>
			
		<CdtTrfTxInf>
				<PmtId>
					<EndToEndId>/VS201714/SS2517655/KS0308</EndToEndId>
				</PmtId>
				<Amt>
					<InstdAmt Ccy="EUR">1200.00</InstdAmt>
				</Amt>
				<ChrgBr>SLEV</ChrgBr>
				<CdtrAgt>
					<FinInstnId>
						<BIC>BREXSKBX</BIC>
					</FinInstnId>
				</CdtrAgt>
				<Cdtr>
					<Nm>Mgr art Andrej Moravk</Nm>
				</Cdtr>
				<CdtrAcct>
					<Id>
						<IBAN>SK1983605207004204707620</IBAN>
					</Id>
				</CdtrAcct>
				<RmtInf>
					<Ustrd></Ustrd>
				</RmtInf>
				</CdtTrfTxInf><CdtTrfTxInf><PmtId><EndToEndId>/VS2017121/SS2517645/KS0308</EndToEndId></PmtId><Amt><InstdAmt Ccy="EUR">139.24</InstdAmt></Amt><ChrgBr>SLEV</ChrgBr><CdtrAgt><FinInstnId><BIC>KOMASK2X</BIC></FinInstnId></CdtrAgt><Cdtr><Nm>LikoSpol as</Nm></Cdtr><CdtrAcct><Id><IBAN>SK0756000000009613368001</IBAN></Id></CdtrAcct><RmtInf><Ustrd></Ustrd></RmtInf></CdtTrfTxInf><CdtTrfTxInf><PmtId><EndToEndId>/VS2017048/SS2517651/KS0308</EndToEndId></PmtId><Amt><InstdAmt Ccy="EUR">276.48</InstdAmt></Amt><ChrgBr>SLEV</ChrgBr><CdtrAgt><FinInstnId><BIC>UNCRSKBX</BIC></FinInstnId></CdtrAgt><Cdtr><Nm>Italex sro</Nm></Cdtr><CdtrAcct><Id><IBAN>SK2275000000004023040118</IBAN></Id></CdtrAcct><RmtInf><Ustrd></Ustrd></RmtInf></CdtTrfTxInf><CdtTrfTxInf><PmtId><EndToEndId>/VS2017115/SS2517644/KS0308</EndToEndId></PmtId><Amt><InstdAmt Ccy="EUR">508.54</InstdAmt></Amt><ChrgBr>SLEV</ChrgBr><CdtrAgt><FinInstnId><BIC>KOMASK2X</BIC></FinInstnId></CdtrAgt><Cdtr><Nm>LikoSpol as</Nm></Cdtr><CdtrAcct><Id><IBAN>SK0756000000009613368001</IBAN></Id></CdtrAcct><RmtInf><Ustrd></Ustrd></RmtInf></CdtTrfTxInf><CdtTrfTxInf><PmtId><EndToEndId>/VS170105892/SS2517653/KS0308</EndToEndId></PmtId><Amt><InstdAmt Ccy="EUR">399.48</InstdAmt></Amt><ChrgBr>SLEV</ChrgBr><CdtrAgt><FinInstnId><BIC>TATRSKBX</BIC></FinInstnId></CdtrAgt><Cdtr><Nm>TEPEDE SLOVAKIA sro</Nm></Cdtr><CdtrAcct><Id><IBAN>SK3811000000002624041395</IBAN></Id></CdtrAcct><RmtInf><Ustrd></Ustrd></RmtInf></CdtTrfTxInf><CdtTrfTxInf><PmtId><EndToEndId>/VS1405510831/SS2517643/KS0308</EndToEndId></PmtId><Amt><InstdAmt Ccy="EUR">2490.52</InstdAmt></Amt><ChrgBr>SLEV</ChrgBr><CdtrAgt><FinInstnId><BIC>TATRSKBX</BIC></FinInstnId></CdtrAgt><Cdtr><Nm>SPANDEX sro</Nm></Cdtr><CdtrAcct><Id><IBAN>SK4011000000002622020267</IBAN></Id></CdtrAcct><RmtInf><Ustrd></Ustrd></RmtInf></CdtTrfTxInf><CdtTrfTxInf><PmtId><EndToEndId>/VS3100162534/SS2517650/KS0308</EndToEndId></PmtId><Amt><InstdAmt Ccy="EUR">1307.72</InstdAmt></Amt><ChrgBr>SLEV</ChrgBr><CdtrAgt><FinInstnId><BIC>UNCRSKBX</BIC></FinInstnId></CdtrAgt><Cdtr><Nm>EUROPAPIER  SLOVAKIA spol  s ro</Nm></Cdtr><CdtrAcct><Id><IBAN>SK9311110000001003055263</IBAN></Id></CdtrAcct><RmtInf><Ustrd></Ustrd></RmtInf></CdtTrfTxInf><CdtTrfTxInf><PmtId><EndToEndId>/VS170100367/SS2517642/KS0308</EndToEndId></PmtId><Amt><InstdAmt Ccy="EUR">822.12</InstdAmt></Amt><ChrgBr>SLEV</ChrgBr><CdtrAgt><FinInstnId><BIC>CEKOSKBX</BIC></FinInstnId></CdtrAgt><Cdtr><Nm>PNC sro</Nm></Cdtr><CdtrAcct><Id><IBAN>SK2875000000004011647166</IBAN></Id></CdtrAcct><RmtInf><Ustrd></Ustrd></RmtInf></CdtTrfTxInf><CdtTrfTxInf><PmtId><EndToEndId>/VS2170665/SS2517654/KS0308</EndToEndId></PmtId><Amt><InstdAmt Ccy="EUR">315.60</InstdAmt></Amt><ChrgBr>SLEV</ChrgBr><CdtrAgt><FinInstnId><BIC>SUBASKBX</BIC></FinInstnId></CdtrAgt><Cdtr><Nm>BELEX spol sro</Nm></Cdtr><CdtrAcct><Id><IBAN>SK0402000000001066245312</IBAN></Id></CdtrAcct><RmtInf><Ustrd></Ustrd></RmtInf></CdtTrfTxInf><CdtTrfTxInf><PmtId><EndToEndId>/VS171048/SS2517641/KS0308</EndToEndId></PmtId><Amt><InstdAmt Ccy="EUR">71.71</InstdAmt></Amt><ChrgBr>SLEV</ChrgBr><CdtrAgt><FinInstnId><BIC>GIBASKBX</BIC></FinInstnId></CdtrAgt><Cdtr><Nm>AP Service sro</Nm></Cdtr><CdtrAcct><Id><IBAN>SK2209000000000172362593</IBAN></Id></CdtrAcct><RmtInf><Ustrd></Ustrd></RmtInf></CdtTrfTxInf><CdtTrfTxInf><PmtId><EndToEndId>/VS9117157/SS2517648/KS0308</EndToEndId></PmtId><Amt><InstdAmt Ccy="EUR">3863.91</InstdAmt></Amt><ChrgBr>SLEV</ChrgBr><CdtrAgt><FinInstnId><BIC>TATRSKBX</BIC></FinInstnId></CdtrAgt><Cdtr><Nm>P78 sro</Nm></Cdtr><CdtrAcct><Id><IBAN>SK2211000000002924849062</IBAN></Id></CdtrAcct><RmtInf><Ustrd></Ustrd></RmtInf></CdtTrfTxInf><CdtTrfTxInf><PmtId><EndToEndId>/VS7700379444/SS2517640/KS0308</EndToEndId></PmtId><Amt><InstdAmt Ccy="EUR">852.28</InstdAmt></Amt><ChrgBr>SLEV</ChrgBr><CdtrAgt><FinInstnId><BIC>UNCRSKBX</BIC></FinInstnId></CdtrAgt><Cdtr><Nm>ANTALIS as</Nm></Cdtr><CdtrAcct><Id><IBAN>SK2911110000001021225000</IBAN></Id></CdtrAcct><RmtInf><Ustrd></Ustrd></RmtInf></CdtTrfTxInf><CdtTrfTxInf><PmtId><EndToEndId>/VS182017/SS2517652/KS0308</EndToEndId></PmtId><Amt><InstdAmt Ccy="EUR">2200.00</InstdAmt></Amt><ChrgBr>SLEV</ChrgBr><CdtrAgt><FinInstnId><BIC>UNCRSKBX</BIC></FinInstnId></CdtrAgt><Cdtr><Nm>Ivo midt  SET</Nm></Cdtr><CdtrAcct><Id><IBAN>SK2711110000001354408008</IBAN></Id></CdtrAcct><RmtInf><Ustrd></Ustrd></RmtInf></CdtTrfTxInf><CdtTrfTxInf><PmtId><EndToEndId>/VS5170174/SS2517639/KS0308</EndToEndId></PmtId><Amt><InstdAmt Ccy="EUR">3814.56</InstdAmt></Amt><ChrgBr>SLEV</ChrgBr><CdtrAgt><FinInstnId><BIC>CEKOSKBX</BIC></FinInstnId></CdtrAgt><Cdtr><Nm>almon sro </Nm></Cdtr><CdtrAcct><Id><IBAN>SK5075000000004013912496</IBAN></Id></CdtrAcct><RmtInf><Ustrd></Ustrd></RmtInf></CdtTrfTxInf><CdtTrfTxInf><PmtId><EndToEndId>/VS2017119/SS2517646/KS0308</EndToEndId></PmtId><Amt><InstdAmt Ccy="EUR">44.40</InstdAmt></Amt><ChrgBr>SLEV</ChrgBr><CdtrAgt><FinInstnId><BIC>KOMASK2X</BIC></FinInstnId></CdtrAgt><Cdtr><Nm>LikoSpol as</Nm></Cdtr><CdtrAcct><Id><IBAN>SK0756000000009613368001</IBAN></Id></CdtrAcct><RmtInf><Ustrd></Ustrd></RmtInf></CdtTrfTxInf><CdtTrfTxInf><PmtId><EndToEndId>/VS120171719/SS2517638/KS0308</EndToEndId></PmtId><Amt><InstdAmt Ccy="EUR">709.70</InstdAmt></Amt><ChrgBr>SLEV</ChrgBr><CdtrAgt><FinInstnId><BIC>TATRSKBX</BIC></FinInstnId></CdtrAgt><Cdtr><Nm>GRAFITEC SLOVAKIA GROUP s ro</Nm></Cdtr><CdtrAcct><Id><IBAN>SK8411000000002925863245</IBAN></Id></CdtrAcct><RmtInf><Ustrd></Ustrd></RmtInf></CdtTrfTxInf></PmtInf>
	</CstmrCdtTrfInitn>
</Document>
