<?xml version="1.0" encoding="UTF-8"?>
<Document xmlns:xsi="http://www.w3.org/2001/XMLSchema-instance" xmlns="urn:iso:std:iso:20022:tech:xsd:pain.001.001.03" xsi:schemaLocation="urn:iso:std:iso:20022:tech:xsd:pain.001.001.03 pain.001.001.03.xsd">
	<CstmrCdtTrfInitn>
		<GrpHdr>
			<MsgId>140</MsgId>
			<CreDtTm>2017-12-11T16:57:34.000</CreDtTm>
			<Authstn>
				<Prtry>BATCH</Prtry>
			</Authstn>
			<NbOfTxs>1</NbOfTxs>
			<CtrlSum>3830.10</CtrlSum>
			<InitgPty>
				<Nm>Printline</Nm>
			</InitgPty>
		</GrpHdr>
		<PmtInf>
			<PmtInfId>"PMTID-"2017-12-11T16:57:34.000</PmtInfId>
			<PmtMtd>TRF</PmtMtd>
			<PmtTpInf>
				<InstrPrty>NORM</InstrPrty>
				<SvcLvl>
					<Cd>SEPA</Cd>
				</SvcLvl>
			</PmtTpInf>
			<ReqdExctnDt>2017-12-11</ReqdExctnDt>
			<Dbtr>
				<Nm>Printline</Nm>
			</Dbtr>
			<DbtrAcct>
				<Id>
					<IBAN>SK1911000000002628030474</IBAN>
				</Id>
			</DbtrAcct>
			<DbtrAgt>
				<FinInstnId>
					<BIC>TATRSKBX</BIC>
				</FinInstnId>
			</DbtrAgt>
			<ChrgBr>SLEV</ChrgBr>
			
		<CdtTrfTxInf><PmtId><EndToEndId>/VS80171413/SS2517622/KS0308</EndToEndId></PmtId><Amt><InstdAmt Ccy="EUR">44.94</InstdAmt></Amt><ChrgBr>SLEV</ChrgBr><CdtrAgt><FinInstnId><BIC>GIBASKBX</BIC></FinInstnId></CdtrAgt><Cdtr><Nm>KASICO as</Nm></Cdtr><CdtrAcct><Id><IBAN>SK7109000000000011446665</IBAN></Id></CdtrAcct><RmtInf><Ustrd></Ustrd></RmtInf></CdtTrfTxInf><CdtTrfTxInf><PmtId><EndToEndId>/VS20170836/SS2517625/KS0308</EndToEndId></PmtId><Amt><InstdAmt Ccy="EUR">281.04</InstdAmt></Amt><ChrgBr>SLEV</ChrgBr><CdtrAgt><FinInstnId><BIC>UNCRSKBX</BIC></FinInstnId></CdtrAgt><Cdtr><Nm>ALP propagan servis sro</Nm></Cdtr><CdtrAcct><Id><IBAN>SK5011110000006629519018</IBAN></Id></CdtrAcct><RmtInf><Ustrd></Ustrd></RmtInf></CdtTrfTxInf><CdtTrfTxInf><PmtId><EndToEndId>/VS032017/SS2517620/KS0308</EndToEndId></PmtId><Amt><InstdAmt Ccy="EUR">839.00</InstdAmt></Amt><ChrgBr>SLEV</ChrgBr><CdtrAgt><FinInstnId><BIC>GIBASKBX</BIC></FinInstnId></CdtrAgt><Cdtr><Nm>HM AUTOSERVIS</Nm></Cdtr><CdtrAcct><Id><IBAN>SK5909000000005123365408</IBAN></Id></CdtrAcct><RmtInf><Ustrd></Ustrd></RmtInf></CdtTrfTxInf><CdtTrfTxInf><PmtId><EndToEndId>/VS811755/SS2517626/KS0308</EndToEndId></PmtId><Amt><InstdAmt Ccy="EUR">1512.00</InstdAmt></Amt><ChrgBr>SLEV</ChrgBr><CdtrAgt><FinInstnId><BIC>TATRSKBX</BIC></FinInstnId></CdtrAgt><Cdtr><Nm>JensLitwak sro</Nm></Cdtr><CdtrAcct><Id><IBAN>SK7211000000002926908927</IBAN></Id></CdtrAcct><RmtInf><Ustrd></Ustrd></RmtInf></CdtTrfTxInf><CdtTrfTxInf><PmtId><EndToEndId>/VS32213345/SS2517621/KS0308</EndToEndId></PmtId><Amt><InstdAmt Ccy="EUR">356.83</InstdAmt></Amt><ChrgBr>SLEV</ChrgBr><CdtrAgt><FinInstnId><BIC>UNCRSKBX</BIC></FinInstnId></CdtrAgt><Cdtr><Nm>EUROPAPIER  SLOVAKIA spol  s ro</Nm></Cdtr><CdtrAcct><Id><IBAN>SK9311110000001003055263</IBAN></Id></CdtrAcct><RmtInf><Ustrd></Ustrd></RmtInf></CdtTrfTxInf><CdtTrfTxInf><PmtId><EndToEndId>/VS2017030/SS2517624/KS0308</EndToEndId></PmtId><Amt><InstdAmt Ccy="EUR">600.00</InstdAmt></Amt><ChrgBr>SLEV</ChrgBr><CdtrAgt><FinInstnId><BIC>FIOZSKBA</BIC></FinInstnId></CdtrAgt><Cdtr><Nm>Gazdikova sro</Nm></Cdtr><CdtrAcct><Id><IBAN>SK9183300000002101006718</IBAN></Id></CdtrAcct><RmtInf><Ustrd></Ustrd></RmtInf></CdtTrfTxInf><CdtTrfTxInf><PmtId><EndToEndId>/VS1017137416/SS2517619/KS0308</EndToEndId></PmtId><Amt><InstdAmt Ccy="EUR">80.69</InstdAmt></Amt><ChrgBr>SLEV</ChrgBr><CdtrAgt><FinInstnId><BIC>TATRSKBX</BIC></FinInstnId></CdtrAgt><Cdtr><Nm>Slovak Parcel Service sro</Nm></Cdtr><CdtrAcct><Id><IBAN>SK0511000000002625004617</IBAN></Id></CdtrAcct><RmtInf><Ustrd></Ustrd></RmtInf></CdtTrfTxInf><CdtTrfTxInf>
				<PmtId>
					<EndToEndId>/VS2017026841/SS2517627/KS0308</EndToEndId>
				</PmtId>
				<Amt>
					<InstdAmt Ccy="EUR">15.60</InstdAmt>
				</Amt>
				<ChrgBr>SLEV</ChrgBr>
				<CdtrAgt>
					<FinInstnId>
						<BIC>TATRSKBX</BIC>
					</FinInstnId>
				</CdtrAgt>
				<Cdtr>
					<Nm>IN TIME sro</Nm>
				</Cdtr>
				<CdtrAcct>
					<Id>
						<IBAN>SK3411000000002620004618</IBAN>
					</Id>
				</CdtrAcct>
				<RmtInf>
					<Ustrd></Ustrd>
				</RmtInf>
				</CdtTrfTxInf><CdtTrfTxInf><PmtId><EndToEndId>/VS/SS2917163/KS0308</EndToEndId></PmtId><Amt><InstdAmt Ccy="EUR">100.00</InstdAmt></Amt><ChrgBr>SLEV</ChrgBr><CdtrAgt><FinInstnId><BIC>CEKOSKBX</BIC></FinInstnId></CdtrAgt><Cdtr><Nm>Maria Hunkova</Nm></Cdtr><CdtrAcct><Id><IBAN>SK3475000000004005385999</IBAN></Id></CdtrAcct><RmtInf><Ustrd></Ustrd></RmtInf></CdtTrfTxInf></PmtInf>
	</CstmrCdtTrfInitn>
</Document>
