<?xml version="1.0" encoding="UTF-8"?>
<Document xmlns:xsi="http://www.w3.org/2001/XMLSchema-instance" xmlns="urn:iso:std:iso:20022:tech:xsd:pain.001.001.03" xsi:schemaLocation="urn:iso:std:iso:20022:tech:xsd:pain.001.001.03 pain.001.001.03.xsd">
	<CstmrCdtTrfInitn>
		<GrpHdr>
			<MsgId>150</MsgId>
			<CreDtTm>2018-01-25T16:38:36.000</CreDtTm>
			<Authstn>
				<Prtry>BATCH</Prtry>
			</Authstn>
			<NbOfTxs>1</NbOfTxs>
			<CtrlSum>9872.83</CtrlSum>
			<InitgPty>
				<Nm>Printline</Nm>
			</InitgPty>
		</GrpHdr>
		<PmtInf>
			<PmtInfId>"PMTID-"2018-01-25T16:38:36.000</PmtInfId>
			<PmtMtd>TRF</PmtMtd>
			<PmtTpInf>
				<InstrPrty>NORM</InstrPrty>
				<SvcLvl>
					<Cd>SEPA</Cd>
				</SvcLvl>
			</PmtTpInf>
			<ReqdExctnDt>2018-01-25</ReqdExctnDt>
			<Dbtr>
				<Nm>Printline</Nm>
			</Dbtr>
			<DbtrAcct>
				<Id>
					<IBAN>SK1911000000002628030474</IBAN>
				</Id>
			</DbtrAcct>
			<DbtrAgt>
				<FinInstnId>
					<BIC>TATRSKBX</BIC>
				</FinInstnId>
			</DbtrAgt>
			<ChrgBr>SLEV</ChrgBr>
			
		<CdtTrfTxInf><PmtId><EndToEndId>/VS483667/SS2518024/KS0308</EndToEndId></PmtId><Amt><InstdAmt Ccy="EUR">641.86</InstdAmt></Amt><ChrgBr>SLEV</ChrgBr><CdtrAgt><FinInstnId><BIC>UNCRSKBX</BIC></FinInstnId></CdtrAgt><Cdtr><Nm>HEIDELBERG Slovensko sro</Nm></Cdtr><CdtrAcct><Id><IBAN>SK2011110000000005333007</IBAN></Id></CdtrAcct><RmtInf><Ustrd></Ustrd></RmtInf></CdtTrfTxInf><CdtTrfTxInf><PmtId><EndToEndId>/VS2018002/SS2518019/KS0308</EndToEndId></PmtId><Amt><InstdAmt Ccy="EUR">770.40</InstdAmt></Amt><ChrgBr>SLEV</ChrgBr><CdtrAgt><FinInstnId><BIC>TATRSKBX</BIC></FinInstnId></CdtrAgt><Cdtr><Nm>PACELT sro</Nm></Cdtr><CdtrAcct><Id><IBAN>SK2411000000002627861313</IBAN></Id></CdtrAcct><RmtInf><Ustrd></Ustrd></RmtInf></CdtTrfTxInf><CdtTrfTxInf><PmtId><EndToEndId>/VS518034/SS2518025/KS0308</EndToEndId></PmtId><Amt><InstdAmt Ccy="EUR">1217.06</InstdAmt></Amt><ChrgBr>SLEV</ChrgBr><CdtrAgt><FinInstnId><BIC>TATRSKBX</BIC></FinInstnId></CdtrAgt><Cdtr><Nm>ALEDETO SLOVAKIA spol s ro</Nm></Cdtr><CdtrAcct><Id><IBAN>SK3411000000002928708961</IBAN></Id></CdtrAcct><RmtInf><Ustrd></Ustrd></RmtInf></CdtTrfTxInf><CdtTrfTxInf><PmtId><EndToEndId>/VS1704663/SS2517597/KS0308</EndToEndId></PmtId><Amt><InstdAmt Ccy="EUR">241.92</InstdAmt></Amt><ChrgBr>SLEV</ChrgBr><CdtrAgt><FinInstnId><BIC>SUBASKBX</BIC></FinInstnId></CdtrAgt><Cdtr><Nm>PACT Technologies Manufacturing sro</Nm></Cdtr><CdtrAcct><Id><IBAN>SK4102000000002480953853</IBAN></Id></CdtrAcct><RmtInf><Ustrd></Ustrd></RmtInf></CdtTrfTxInf><CdtTrfTxInf><PmtId><EndToEndId>/VS7700382097/SS2518026/KS0308</EndToEndId></PmtId><Amt><InstdAmt Ccy="EUR">647.17</InstdAmt></Amt><ChrgBr>SLEV</ChrgBr><CdtrAgt><FinInstnId><BIC>UNCRSKBX</BIC></FinInstnId></CdtrAgt><Cdtr><Nm>ANTALIS as</Nm></Cdtr><CdtrAcct><Id><IBAN>SK2911110000001021225000</IBAN></Id></CdtrAcct><RmtInf><Ustrd></Ustrd></RmtInf></CdtTrfTxInf><CdtTrfTxInf><PmtId><EndToEndId>/VS1800012/SS2518020/KS0308</EndToEndId></PmtId><Amt><InstdAmt Ccy="EUR">26.16</InstdAmt></Amt><ChrgBr>SLEV</ChrgBr><CdtrAgt><FinInstnId><BIC>CEKOSKBX</BIC></FinInstnId></CdtrAgt><Cdtr><Nm>Nstroje HORVTH sro</Nm></Cdtr><CdtrAcct><Id><IBAN>SK6675000000004020215656</IBAN></Id></CdtrAcct><RmtInf><Ustrd></Ustrd></RmtInf></CdtTrfTxInf><CdtTrfTxInf><PmtId><EndToEndId>/VS2018010171/SS2518027/KS0308</EndToEndId></PmtId><Amt><InstdAmt Ccy="EUR">6.30</InstdAmt></Amt><ChrgBr>SLEV</ChrgBr><CdtrAgt><FinInstnId><BIC>GIBASKBX</BIC></FinInstnId></CdtrAgt><Cdtr><Nm>IMI Trade sro</Nm></Cdtr><CdtrAcct><Id><IBAN>SK8484200000000175004572</IBAN></Id></CdtrAcct><RmtInf><Ustrd></Ustrd></RmtInf></CdtTrfTxInf><CdtTrfTxInf><PmtId><EndToEndId>/VS2632017/SS2517689/KS0308</EndToEndId></PmtId><Amt><InstdAmt Ccy="EUR">9.92</InstdAmt></Amt><ChrgBr>SLEV</ChrgBr><CdtrAgt><FinInstnId><BIC>TATRSKBX</BIC></FinInstnId></CdtrAgt><Cdtr><Nm>KS sro </Nm></Cdtr><CdtrAcct><Id><IBAN>SK6211000000002620013135</IBAN></Id></CdtrAcct><RmtInf><Ustrd></Ustrd></RmtInf></CdtTrfTxInf><CdtTrfTxInf><PmtId><EndToEndId>/VS80180033/SS2518028/KS0308</EndToEndId></PmtId><Amt><InstdAmt Ccy="EUR">37.26</InstdAmt></Amt><ChrgBr>SLEV</ChrgBr><CdtrAgt><FinInstnId><BIC>GIBASKBX</BIC></FinInstnId></CdtrAgt><Cdtr><Nm>KASICO as</Nm></Cdtr><CdtrAcct><Id><IBAN>SK7109000000000011446665</IBAN></Id></CdtrAcct><RmtInf><Ustrd></Ustrd></RmtInf></CdtTrfTxInf><CdtTrfTxInf><PmtId><EndToEndId>/VS1882000013/SS2518021/KS0308</EndToEndId></PmtId><Amt><InstdAmt Ccy="EUR">282.72</InstdAmt></Amt><ChrgBr>SLEV</ChrgBr><CdtrAgt><FinInstnId><BIC>UNCRSKBX</BIC></FinInstnId></CdtrAgt><Cdtr><Nm>GUMMI   PRINT SLOVAKIA spol s ro</Nm></Cdtr><CdtrAcct><Id><IBAN>SK5011110000006605269018</IBAN></Id></CdtrAcct><RmtInf><Ustrd></Ustrd></RmtInf></CdtTrfTxInf><CdtTrfTxInf><PmtId><EndToEndId>/VS3100164848/SS2518029/KS0308</EndToEndId></PmtId><Amt><InstdAmt Ccy="EUR">635.02</InstdAmt></Amt><ChrgBr>SLEV</ChrgBr><CdtrAgt><FinInstnId><BIC>UNCRSKBX</BIC></FinInstnId></CdtrAgt><Cdtr><Nm>EUROPAPIER  SLOVAKIA spol  s ro</Nm></Cdtr><CdtrAcct><Id><IBAN>SK9311110000001003055263</IBAN></Id></CdtrAcct><RmtInf><Ustrd></Ustrd></RmtInf></CdtTrfTxInf><CdtTrfTxInf><PmtId><EndToEndId>/VS1882000003/SS2518018/KS0308</EndToEndId></PmtId><Amt><InstdAmt Ccy="EUR">8.11</InstdAmt></Amt><ChrgBr>SLEV</ChrgBr><CdtrAgt><FinInstnId><BIC>UNCRSKBX</BIC></FinInstnId></CdtrAgt><Cdtr><Nm>GUMMI   PRINT SLOVAKIA spol s ro</Nm></Cdtr><CdtrAcct><Id><IBAN>SK5011110000006605269018</IBAN></Id></CdtrAcct><RmtInf><Ustrd></Ustrd></RmtInf></CdtTrfTxInf><CdtTrfTxInf><PmtId><EndToEndId>/VS8201632413/SS2518030/KS0308</EndToEndId></PmtId><Amt><InstdAmt Ccy="EUR">153.41</InstdAmt></Amt><ChrgBr>SLEV</ChrgBr><CdtrAgt><FinInstnId><BIC>TATRSKBX</BIC></FinInstnId></CdtrAgt><Cdtr><Nm>Slovak Telekom as</Nm></Cdtr><CdtrAcct><Id><IBAN>SK2811000000002628740740</IBAN></Id></CdtrAcct><RmtInf><Ustrd></Ustrd></RmtInf></CdtTrfTxInf><CdtTrfTxInf><PmtId><EndToEndId>/VS2180025/SS2518022/KS0308</EndToEndId></PmtId><Amt><InstdAmt Ccy="EUR">696.00</InstdAmt></Amt><ChrgBr>SLEV</ChrgBr><CdtrAgt><FinInstnId><BIC>TATRSKBX</BIC></FinInstnId></CdtrAgt><Cdtr><Nm>WELTPRINT sro</Nm></Cdtr><CdtrAcct><Id><IBAN>SK8911000000002620024774</IBAN></Id></CdtrAcct><RmtInf><Ustrd></Ustrd></RmtInf></CdtTrfTxInf><CdtTrfTxInf><PmtId><EndToEndId>/VS3100164730/SS2518032/KS0308</EndToEndId></PmtId><Amt><InstdAmt Ccy="EUR">245.50</InstdAmt></Amt><ChrgBr>SLEV</ChrgBr><CdtrAgt><FinInstnId><BIC>UNCRSKBX</BIC></FinInstnId></CdtrAgt><Cdtr><Nm>EUROPAPIER  SLOVAKIA spol  s ro</Nm></Cdtr><CdtrAcct><Id><IBAN>SK9311110000001003055263</IBAN></Id></CdtrAcct><RmtInf><Ustrd></Ustrd></RmtInf></CdtTrfTxInf><CdtTrfTxInf>
				<PmtId>
					<EndToEndId>/VS1100122017/SS2917179/KS0308</EndToEndId>
				</PmtId>
				<Amt>
					<InstdAmt Ccy="EUR">4044.02</InstdAmt>
				</Amt>
				<ChrgBr>SLEV</ChrgBr>
				<CdtrAgt>
					<FinInstnId>
						<BIC>SPSRSKBA</BIC>
					</FinInstnId>
				</CdtrAgt>
				<Cdtr>
					<Nm>Daov urad Bratislava III  DPH</Nm>
				</Cdtr>
				<CdtrAcct>
					<Id>
						<IBAN>SK3281805002408028010645</IBAN>
					</Id>
				</CdtrAcct>
				<RmtInf>
					<Ustrd></Ustrd>
				</RmtInf>
				</CdtTrfTxInf><CdtTrfTxInf><PmtId><EndToEndId>/VS20180030/SS2518033/KS0308</EndToEndId></PmtId><Amt><InstdAmt Ccy="EUR">210.00</InstdAmt></Amt><ChrgBr>SLEV</ChrgBr><CdtrAgt><FinInstnId><BIC>UNCRSKBX</BIC></FinInstnId></CdtrAgt><Cdtr><Nm>ALP propagan servis sro</Nm></Cdtr><CdtrAcct><Id><IBAN>SK5011110000006629519018</IBAN></Id></CdtrAcct><RmtInf><Ustrd></Ustrd></RmtInf></CdtTrfTxInf></PmtInf>
	</CstmrCdtTrfInitn>
</Document>
