<?xml version="1.0" encoding="UTF-8"?>
<Document xmlns:xsi="http://www.w3.org/2001/XMLSchema-instance" xmlns="urn:iso:std:iso:20022:tech:xsd:pain.001.001.03" xsi:schemaLocation="urn:iso:std:iso:20022:tech:xsd:pain.001.001.03 pain.001.001.03.xsd">
	<CstmrCdtTrfInitn>
		<GrpHdr>
			<MsgId>219</MsgId>
			<CreDtTm>2019-01-28T08:47:03.000</CreDtTm>
			<Authstn>
				<Prtry>BATCH</Prtry>
			</Authstn>
			<NbOfTxs>1</NbOfTxs>
			<CtrlSum>8124.19</CtrlSum>
			<InitgPty>
				<Nm>Printline</Nm>
			</InitgPty>
		</GrpHdr>
		<PmtInf>
			<PmtInfId>"PMTID-"2019-01-28T08:47:03.000</PmtInfId>
			<PmtMtd>TRF</PmtMtd>
			<PmtTpInf>
				<InstrPrty>NORM</InstrPrty>
				<SvcLvl>
					<Cd>SEPA</Cd>
				</SvcLvl>
			</PmtTpInf>
			<ReqdExctnDt>2019-01-28</ReqdExctnDt>
			<Dbtr>
				<Nm>Printline</Nm>
			</Dbtr>
			<DbtrAcct>
				<Id>
					<IBAN>SK1911000000002628030474</IBAN>
				</Id>
			</DbtrAcct>
			<DbtrAgt>
				<FinInstnId>
					<BIC>TATRSKBX</BIC>
				</FinInstnId>
			</DbtrAgt>
			<ChrgBr>SLEV</ChrgBr>
			
		<CdtTrfTxInf><PmtId><EndToEndId>/VS1901/SS2519032/KS0308</EndToEndId></PmtId><Amt><InstdAmt Ccy="EUR">500.00</InstdAmt></Amt><ChrgBr>SLEV</ChrgBr><CdtrAgt><FinInstnId><BIC>BREXSKBX</BIC></FinInstnId></CdtrAgt><Cdtr><Nm>Andrej Moravk</Nm></Cdtr><CdtrAcct><Id><IBAN>SK1983605207004204707620</IBAN></Id></CdtrAcct><RmtInf><Ustrd></Ustrd></RmtInf></CdtTrfTxInf><CdtTrfTxInf><PmtId><EndToEndId>/VS190100246/SS2519029/KS0308</EndToEndId></PmtId><Amt><InstdAmt Ccy="EUR">147.96</InstdAmt></Amt><ChrgBr>SLEV</ChrgBr><CdtrAgt><FinInstnId><BIC>TATRSKBX</BIC></FinInstnId></CdtrAgt><Cdtr><Nm>TEPEDE SLOVAKIA sro</Nm></Cdtr><CdtrAcct><Id><IBAN>SK3811000000002624041395</IBAN></Id></CdtrAcct><RmtInf><Ustrd></Ustrd></RmtInf></CdtTrfTxInf><CdtTrfTxInf><PmtId><EndToEndId>/VS6510901031/SS2919002/KS0308</EndToEndId></PmtId><Amt><InstdAmt Ccy="EUR">12.12</InstdAmt></Amt><ChrgBr>SLEV</ChrgBr><CdtrAgt><FinInstnId><BIC>SPSRSKBA</BIC></FinInstnId></CdtrAgt><Cdtr><Nm>Colna sprava  colny dlh</Nm></Cdtr><CdtrAcct><Id><IBAN>SK9681800000007000450329</IBAN></Id></CdtrAcct><RmtInf><Ustrd></Ustrd></RmtInf></CdtTrfTxInf><CdtTrfTxInf><PmtId><EndToEndId>/VS190100236/SS2519028/KS0308</EndToEndId></PmtId><Amt><InstdAmt Ccy="EUR">220.80</InstdAmt></Amt><ChrgBr>SLEV</ChrgBr><CdtrAgt><FinInstnId><BIC>TATRSKBX</BIC></FinInstnId></CdtrAgt><Cdtr><Nm>TEPEDE SLOVAKIA sro</Nm></Cdtr><CdtrAcct><Id><IBAN>SK3811000000002624041395</IBAN></Id></CdtrAcct><RmtInf><Ustrd></Ustrd></RmtInf></CdtTrfTxInf><CdtTrfTxInf><PmtId><EndToEndId>/VS12019/SS2519031/KS0308</EndToEndId></PmtId><Amt><InstdAmt Ccy="EUR">6000.00</InstdAmt></Amt><ChrgBr>SLEV</ChrgBr><CdtrAgt><FinInstnId><BIC>GIBASKBX</BIC></FinInstnId></CdtrAgt><Cdtr><Nm>Erik Franko</Nm></Cdtr><CdtrAcct><Id><IBAN>SK4209000000000331819272</IBAN></Id></CdtrAcct><RmtInf><Ustrd></Ustrd></RmtInf></CdtTrfTxInf><CdtTrfTxInf><PmtId><EndToEndId>/VS190100228/SS2519027/KS0308</EndToEndId></PmtId><Amt><InstdAmt Ccy="EUR">143.02</InstdAmt></Amt><ChrgBr>SLEV</ChrgBr><CdtrAgt><FinInstnId><BIC>TATRSKBX</BIC></FinInstnId></CdtrAgt><Cdtr><Nm>TEPEDE SLOVAKIA sro</Nm></Cdtr><CdtrAcct><Id><IBAN>SK3811000000002624041395</IBAN></Id></CdtrAcct><RmtInf><Ustrd></Ustrd></RmtInf></CdtTrfTxInf><CdtTrfTxInf>
				<PmtId>
					<EndToEndId>/VS6510901030/SS2919003/KS0308</EndToEndId>
				</PmtId>
				<Amt>
					<InstdAmt Ccy="EUR">885.87</InstdAmt>
				</Amt>
				<ChrgBr>SLEV</ChrgBr>
				<CdtrAgt>
					<FinInstnId>
						<BIC>SPSRSKBA</BIC>
					</FinInstnId>
				</CdtrAgt>
				<Cdtr>
					<Nm>Colna sprava  colny dlh</Nm>
				</Cdtr>
				<CdtrAcct>
					<Id>
						<IBAN>SK9681800000007000450329</IBAN>
					</Id>
				</CdtrAcct>
				<RmtInf>
					<Ustrd></Ustrd>
				</RmtInf>
				</CdtTrfTxInf><CdtTrfTxInf><PmtId><EndToEndId>/VS2019001169/SS2519026/KS0308</EndToEndId></PmtId><Amt><InstdAmt Ccy="EUR">12.53</InstdAmt></Amt><ChrgBr>SLEV</ChrgBr><CdtrAgt><FinInstnId><BIC>TATRSKBX</BIC></FinInstnId></CdtrAgt><Cdtr><Nm>IN TIME sro</Nm></Cdtr><CdtrAcct><Id><IBAN>SK3411000000002620004618</IBAN></Id></CdtrAcct><RmtInf><Ustrd></Ustrd></RmtInf></CdtTrfTxInf><CdtTrfTxInf><PmtId><EndToEndId>/VS1900060/SS2519030/KS0308</EndToEndId></PmtId><Amt><InstdAmt Ccy="EUR">26.16</InstdAmt></Amt><ChrgBr>SLEV</ChrgBr><CdtrAgt><FinInstnId><BIC>CEKOSKBX</BIC></FinInstnId></CdtrAgt><Cdtr><Nm>Nstroje HORVTH sro</Nm></Cdtr><CdtrAcct><Id><IBAN>SK6675000000004020215656</IBAN></Id></CdtrAcct><RmtInf><Ustrd></Ustrd></RmtInf></CdtTrfTxInf><CdtTrfTxInf><PmtId><EndToEndId>/VS190012/SS2519025/KS0308</EndToEndId></PmtId><Amt><InstdAmt Ccy="EUR">175.73</InstdAmt></Amt><ChrgBr>SLEV</ChrgBr><CdtrAgt><FinInstnId><BIC>GIBASKBX</BIC></FinInstnId></CdtrAgt><Cdtr><Nm>AP Service sro</Nm></Cdtr><CdtrAcct><Id><IBAN>SK2209000000000172362593</IBAN></Id></CdtrAcct><RmtInf><Ustrd></Ustrd></RmtInf></CdtTrfTxInf></PmtInf>
	</CstmrCdtTrfInitn>
</Document>
