<?xml version="1.0" encoding="UTF-8"?>
<Document xmlns:xsi="http://www.w3.org/2001/XMLSchema-instance" xmlns="urn:iso:std:iso:20022:tech:xsd:pain.001.001.03" xsi:schemaLocation="urn:iso:std:iso:20022:tech:xsd:pain.001.001.03 pain.001.001.03.xsd">
	<CstmrCdtTrfInitn>
		<GrpHdr>
			<MsgId>265</MsgId>
			<CreDtTm>2019-09-09T21:45:37.000</CreDtTm>
			<Authstn>
				<Prtry>BATCH</Prtry>
			</Authstn>
			<NbOfTxs>1</NbOfTxs>
			<CtrlSum>1689.49</CtrlSum>
			<InitgPty>
				<Nm>Printline</Nm>
			</InitgPty>
		</GrpHdr>
		<PmtInf>
			<PmtInfId>"PMTID-"2019-09-09T21:45:37.000</PmtInfId>
			<PmtMtd>TRF</PmtMtd>
			<PmtTpInf>
				<InstrPrty>NORM</InstrPrty>
				<SvcLvl>
					<Cd>SEPA</Cd>
				</SvcLvl>
			</PmtTpInf>
			<ReqdExctnDt>2019-09-09</ReqdExctnDt>
			<Dbtr>
				<Nm>Printline</Nm>
			</Dbtr>
			<DbtrAcct>
				<Id>
					<IBAN>SK1911000000002628030474</IBAN>
				</Id>
			</DbtrAcct>
			<DbtrAgt>
				<FinInstnId>
					<BIC>TATRSKBX</BIC>
				</FinInstnId>
			</DbtrAgt>
			<ChrgBr>SLEV</ChrgBr>
			
		<CdtTrfTxInf>
				<PmtId>
					<EndToEndId>/VS1002277078/SS2919058/KS0308</EndToEndId>
				</PmtId>
				<Amt>
					<InstdAmt Ccy="EUR">17.97</InstdAmt>
				</Amt>
				<ChrgBr>SLEV</ChrgBr>
				<CdtrAgt>
					<FinInstnId>
						<BIC>SPSRSKBA</BIC>
					</FinInstnId>
				</CdtrAgt>
				<Cdtr>
					<Nm>Socialna poistovna </Nm>
				</Cdtr>
				<CdtrAcct>
					<Id>
						<IBAN>SK9181800000007000155733</IBAN>
					</Id>
				</CdtrAcct>
				<RmtInf>
					<Ustrd></Ustrd>
				</RmtInf>
				</CdtTrfTxInf><CdtTrfTxInf><PmtId><EndToEndId>/VS2019020967/SS2519426/KS0308</EndToEndId></PmtId><Amt><InstdAmt Ccy="EUR">12.78</InstdAmt></Amt><ChrgBr>SLEV</ChrgBr><CdtrAgt><FinInstnId><BIC>TATRSKBX</BIC></FinInstnId></CdtrAgt><Cdtr><Nm>IN TIME sro</Nm></Cdtr><CdtrAcct><Id><IBAN>SK3411000000002620004618</IBAN></Id></CdtrAcct><RmtInf><Ustrd></Ustrd></RmtInf></CdtTrfTxInf><CdtTrfTxInf><PmtId><EndToEndId>/VS36361496/SS2919056/KS0308</EndToEndId></PmtId><Amt><InstdAmt Ccy="EUR">45.04</InstdAmt></Amt><ChrgBr>SLEV</ChrgBr><CdtrAgt><FinInstnId><BIC>KOMASK2X</BIC></FinInstnId></CdtrAgt><Cdtr><Nm>Duan Bui</Nm></Cdtr><CdtrAcct><Id><IBAN>SK6956000000002314860002</IBAN></Id></CdtrAcct><RmtInf><Ustrd></Ustrd></RmtInf></CdtTrfTxInf><CdtTrfTxInf><PmtId><EndToEndId>/VS1908038/SS2519425/KS0308</EndToEndId></PmtId><Amt><InstdAmt Ccy="EUR">67.61</InstdAmt></Amt><ChrgBr>SLEV</ChrgBr><CdtrAgt><FinInstnId><BIC>TATRSKBX</BIC></FinInstnId></CdtrAgt><Cdtr><Nm>CAREXPRESS sro</Nm></Cdtr><CdtrAcct><Id><IBAN>SK8511000000002925898632</IBAN></Id></CdtrAcct><RmtInf><Ustrd></Ustrd></RmtInf></CdtTrfTxInf><CdtTrfTxInf><PmtId><EndToEndId>/VS3636149600/SS2919057/KS0308</EndToEndId></PmtId><Amt><InstdAmt Ccy="EUR">7.28</InstdAmt></Amt><ChrgBr>SLEV</ChrgBr><CdtrAgt><FinInstnId><BIC>SPSRSKBA</BIC></FinInstnId></CdtrAgt><Cdtr><Nm>Dvera</Nm></Cdtr><CdtrAcct><Id><IBAN>SK5281800000007000747747</IBAN></Id></CdtrAcct><RmtInf><Ustrd></Ustrd></RmtInf></CdtTrfTxInf><CdtTrfTxInf><PmtId><EndToEndId>/VS190582/SS2519424/KS0308</EndToEndId></PmtId><Amt><InstdAmt Ccy="EUR">93.60</InstdAmt></Amt><ChrgBr>SLEV</ChrgBr><CdtrAgt><FinInstnId><BIC>GIBASKBX</BIC></FinInstnId></CdtrAgt><Cdtr><Nm>AP Service sro</Nm></Cdtr><CdtrAcct><Id><IBAN>SK2209000000000172362593</IBAN></Id></CdtrAcct><RmtInf><Ustrd></Ustrd></RmtInf></CdtTrfTxInf><CdtTrfTxInf><PmtId><EndToEndId>/VS201901652/SS2519427/KS0308</EndToEndId></PmtId><Amt><InstdAmt Ccy="EUR">665.21</InstdAmt></Amt><ChrgBr>SLEV</ChrgBr><CdtrAgt><FinInstnId><BIC>TATRSKBX</BIC></FinInstnId></CdtrAgt><Cdtr><Nm>uboslav Janus  JANUS NPOJE</Nm></Cdtr><CdtrAcct><Id><IBAN>SK4411000000002923897775</IBAN></Id></CdtrAcct><RmtInf><Ustrd></Ustrd></RmtInf></CdtTrfTxInf><CdtTrfTxInf><PmtId><EndToEndId>/VS82019/SS2519421/KS0308</EndToEndId></PmtId><Amt><InstdAmt Ccy="EUR">780.00</InstdAmt></Amt><ChrgBr>SLEV</ChrgBr><CdtrAgt><FinInstnId><BIC>TATRSKBX</BIC></FinInstnId></CdtrAgt><Cdtr><Nm>Lucia Palkoviov  polygrafick vroba</Nm></Cdtr><CdtrAcct><Id><IBAN>SK4311000000002610809244</IBAN></Id></CdtrAcct><RmtInf><Ustrd></Ustrd></RmtInf></CdtTrfTxInf></PmtInf>
	</CstmrCdtTrfInitn>
</Document>
