<?xml version="1.0" encoding="UTF-8"?>
<Document xmlns:xsi="http://www.w3.org/2001/XMLSchema-instance" xmlns="urn:iso:std:iso:20022:tech:xsd:pain.001.001.03" xsi:schemaLocation="urn:iso:std:iso:20022:tech:xsd:pain.001.001.03 pain.001.001.03.xsd">
	<CstmrCdtTrfInitn>
		<GrpHdr>
			<MsgId>272</MsgId>
			<CreDtTm>2019-10-28T08:54:36.000</CreDtTm>
			<Authstn>
				<Prtry>BATCH</Prtry>
			</Authstn>
			<NbOfTxs>1</NbOfTxs>
			<CtrlSum>14295.43</CtrlSum>
			<InitgPty>
				<Nm>Printline</Nm>
			</InitgPty>
		</GrpHdr>
		<PmtInf>
			<PmtInfId>"PMTID-"2019-10-28T08:54:36.000</PmtInfId>
			<PmtMtd>TRF</PmtMtd>
			<PmtTpInf>
				<InstrPrty>NORM</InstrPrty>
				<SvcLvl>
					<Cd>SEPA</Cd>
				</SvcLvl>
			</PmtTpInf>
			<ReqdExctnDt>2019-10-28</ReqdExctnDt>
			<Dbtr>
				<Nm>Printline</Nm>
			</Dbtr>
			<DbtrAcct>
				<Id>
					<IBAN>SK1911000000002628030474</IBAN>
				</Id>
			</DbtrAcct>
			<DbtrAgt>
				<FinInstnId>
					<BIC>TATRSKBX</BIC>
				</FinInstnId>
			</DbtrAgt>
			<ChrgBr>SLEV</ChrgBr>
			
		<CdtTrfTxInf><PmtId><EndToEndId>/VS1191401/SS2519520/KS0308</EndToEndId></PmtId><Amt><InstdAmt Ccy="EUR">177.00</InstdAmt></Amt><ChrgBr>SLEV</ChrgBr><CdtrAgt><FinInstnId><BIC>TATRSKBX</BIC></FinInstnId></CdtrAgt><Cdtr><Nm>BELEX spol sro</Nm></Cdtr><CdtrAcct><Id><IBAN>SK2411000000002628778642</IBAN></Id></CdtrAcct><RmtInf><Ustrd></Ustrd></RmtInf></CdtTrfTxInf><CdtTrfTxInf><PmtId><EndToEndId>/VS7119020/SS2519477/KS0308</EndToEndId></PmtId><Amt><InstdAmt Ccy="EUR">10526.40</InstdAmt></Amt><ChrgBr>SLEV</ChrgBr><CdtrAgt><FinInstnId><BIC>TATRSKBX</BIC></FinInstnId></CdtrAgt><Cdtr><Nm>Printline digital sro</Nm></Cdtr><CdtrAcct><Id><IBAN>SK2411000000002946041101</IBAN></Id></CdtrAcct><RmtInf><Ustrd></Ustrd></RmtInf></CdtTrfTxInf><CdtTrfTxInf><PmtId><EndToEndId>/VS1191419/SS2519521/KS0308</EndToEndId></PmtId><Amt><InstdAmt Ccy="EUR">208.80</InstdAmt></Amt><ChrgBr>SLEV</ChrgBr><CdtrAgt><FinInstnId><BIC>TATRSKBX</BIC></FinInstnId></CdtrAgt><Cdtr><Nm>BELEX spol sro</Nm></Cdtr><CdtrAcct><Id><IBAN>SK2411000000002628778642</IBAN></Id></CdtrAcct><RmtInf><Ustrd></Ustrd></RmtInf></CdtTrfTxInf><CdtTrfTxInf>
				<PmtId>
					<EndToEndId>/VS15119262/SS2519432/KS0308</EndToEndId>
				</PmtId>
				<Amt>
					<InstdAmt Ccy="EUR">83.23</InstdAmt>
				</Amt>
				<ChrgBr>SLEV</ChrgBr>
				<CdtrAgt>
					<FinInstnId>
						<BIC>SUBASKBX</BIC>
					</FinInstnId>
				</CdtrAgt>
				<Cdtr>
					<Nm>LinweKRAFT sro</Nm>
				</Cdtr>
				<CdtrAcct>
					<Id>
						<IBAN>SK3902000000003917279158</IBAN>
					</Id>
				</CdtrAcct>
				<RmtInf>
					<Ustrd></Ustrd>
				</RmtInf>
				</CdtTrfTxInf><CdtTrfTxInf><PmtId><EndToEndId>/VS2019114/SS2519530/KS0308</EndToEndId></PmtId><Amt><InstdAmt Ccy="EUR">3300.00</InstdAmt></Amt><ChrgBr>SLEV</ChrgBr><CdtrAgt><FinInstnId><BIC>FIOZSKBA</BIC></FinInstnId></CdtrAgt><Cdtr><Nm>Pelatec sro</Nm></Cdtr><CdtrAcct><Id><IBAN>SK2783300000002100569818</IBAN></Id></CdtrAcct><RmtInf><Ustrd></Ustrd></RmtInf></CdtTrfTxInf></PmtInf>
	</CstmrCdtTrfInitn>
</Document>
