<?xml version="1.0" encoding="UTF-8"?>
<Document xmlns:xsi="http://www.w3.org/2001/XMLSchema-instance" xmlns="urn:iso:std:iso:20022:tech:xsd:pain.001.001.03" xsi:schemaLocation="urn:iso:std:iso:20022:tech:xsd:pain.001.001.03 pain.001.001.03.xsd">
	<CstmrCdtTrfInitn>
		<GrpHdr>
			<MsgId>296</MsgId>
			<CreDtTm>2020-02-05T09:13:33.000</CreDtTm>
			<Authstn>
				<Prtry>BATCH</Prtry>
			</Authstn>
			<NbOfTxs>1</NbOfTxs>
			<CtrlSum>13039.69</CtrlSum>
			<InitgPty>
				<Nm>Printline</Nm>
			</InitgPty>
		</GrpHdr>
		<PmtInf>
			<PmtInfId>"PMTID-"2020-02-05T09:13:33.000</PmtInfId>
			<PmtMtd>TRF</PmtMtd>
			<PmtTpInf>
				<InstrPrty>NORM</InstrPrty>
				<SvcLvl>
					<Cd>SEPA</Cd>
				</SvcLvl>
			</PmtTpInf>
			<ReqdExctnDt>2020-02-05</ReqdExctnDt>
			<Dbtr>
				<Nm>Printline</Nm>
			</Dbtr>
			<DbtrAcct>
				<Id>
					<IBAN>SK1911000000002628030474</IBAN>
				</Id>
			</DbtrAcct>
			<DbtrAgt>
				<FinInstnId>
					<BIC>TATRSKBX</BIC>
				</FinInstnId>
			</DbtrAgt>
			<ChrgBr>SLEV</ChrgBr>
			
		<CdtTrfTxInf><PmtId><EndToEndId>/VS2020002/SS2520048/KS0308</EndToEndId></PmtId><Amt><InstdAmt Ccy="EUR">2000.00</InstdAmt></Amt><ChrgBr>SLEV</ChrgBr><CdtrAgt><FinInstnId><BIC>TATRSKBX</BIC></FinInstnId></CdtrAgt><Cdtr><Nm>Zuzana Ivanov</Nm></Cdtr><CdtrAcct><Id><IBAN>SK6311000000002912968152</IBAN></Id></CdtrAcct><RmtInf><Ustrd></Ustrd></RmtInf></CdtTrfTxInf><CdtTrfTxInf>
				<PmtId>
					<EndToEndId>/VS29200076/SS2520055/KS0308</EndToEndId>
				</PmtId>
				<Amt>
					<InstdAmt Ccy="EUR">36.00</InstdAmt>
				</Amt>
				<ChrgBr>SLEV</ChrgBr>
				<CdtrAgt>
					<FinInstnId>
						<BIC>TATRSKBX</BIC>
					</FinInstnId>
				</CdtrAgt>
				<Cdtr>
					<Nm>KO  KA spol sro</Nm>
				</Cdtr>
				<CdtrAcct>
					<Id>
						<IBAN>SK7611000000002620084275</IBAN>
					</Id>
				</CdtrAcct>
				<RmtInf>
					<Ustrd></Ustrd>
				</RmtInf>
				</CdtTrfTxInf><CdtTrfTxInf><PmtId><EndToEndId>/VS200200014/SS2520047/KS0308</EndToEndId></PmtId><Amt><InstdAmt Ccy="EUR">48.00</InstdAmt></Amt><ChrgBr>SLEV</ChrgBr><CdtrAgt><FinInstnId><BIC>TATRSKBX</BIC></FinInstnId></CdtrAgt><Cdtr><Nm>FAMI sro</Nm></Cdtr><CdtrAcct><Id><IBAN>SK3311000000002941007609</IBAN></Id></CdtrAcct><RmtInf><Ustrd></Ustrd></RmtInf></CdtTrfTxInf><CdtTrfTxInf><PmtId><EndToEndId>/VS012020/SS2520051/KS0308</EndToEndId></PmtId><Amt><InstdAmt Ccy="EUR">1500.00</InstdAmt></Amt><ChrgBr>SLEV</ChrgBr><CdtrAgt><FinInstnId><BIC>TATRSKBX</BIC></FinInstnId></CdtrAgt><Cdtr><Nm>Lucia Palkoviov  polygrafick vroba</Nm></Cdtr><CdtrAcct><Id><IBAN>SK4311000000002610809244</IBAN></Id></CdtrAcct><RmtInf><Ustrd></Ustrd></RmtInf></CdtTrfTxInf><CdtTrfTxInf><PmtId><EndToEndId>/VS20200101/SS2520046/KS0308</EndToEndId></PmtId><Amt><InstdAmt Ccy="EUR">1850.00</InstdAmt></Amt><ChrgBr>SLEV</ChrgBr><CdtrAgt><FinInstnId><BIC>FIOZSKBA</BIC></FinInstnId></CdtrAgt><Cdtr><Nm>AM Production s r o</Nm></Cdtr><CdtrAcct><Id><IBAN>SK9783300000002501585085</IBAN></Id></CdtrAcct><RmtInf><Ustrd></Ustrd></RmtInf></CdtTrfTxInf><CdtTrfTxInf><PmtId><EndToEndId>/VS20200043/SS2520053/KS0308</EndToEndId></PmtId><Amt><InstdAmt Ccy="EUR">108.00</InstdAmt></Amt><ChrgBr>SLEV</ChrgBr><CdtrAgt><FinInstnId><BIC>UNCRSKBX</BIC></FinInstnId></CdtrAgt><Cdtr><Nm>ALP propagan servis sro</Nm></Cdtr><CdtrAcct><Id><IBAN>SK5011110000006629519018</IBAN></Id></CdtrAcct><RmtInf><Ustrd></Ustrd></RmtInf></CdtTrfTxInf><CdtTrfTxInf><PmtId><EndToEndId>/VS200100405/SS2520045/KS0308</EndToEndId></PmtId><Amt><InstdAmt Ccy="EUR">315.65</InstdAmt></Amt><ChrgBr>SLEV</ChrgBr><CdtrAgt><FinInstnId><BIC>TATRSKBX</BIC></FinInstnId></CdtrAgt><Cdtr><Nm>TEPEDE SLOVAKIA sro</Nm></Cdtr><CdtrAcct><Id><IBAN>SK3811000000002624041395</IBAN></Id></CdtrAcct><RmtInf><Ustrd></Ustrd></RmtInf></CdtTrfTxInf><CdtTrfTxInf><PmtId><EndToEndId>/VS20200117/SS2520050/KS0308</EndToEndId></PmtId><Amt><InstdAmt Ccy="EUR">57.60</InstdAmt></Amt><ChrgBr>SLEV</ChrgBr><CdtrAgt><FinInstnId><BIC>TATRSKBX</BIC></FinInstnId></CdtrAgt><Cdtr><Nm>DECS CONSULTING spol s ro</Nm></Cdtr><CdtrAcct><Id><IBAN>SK2511000000002625704015</IBAN></Id></CdtrAcct><RmtInf><Ustrd></Ustrd></RmtInf></CdtTrfTxInf><CdtTrfTxInf><PmtId><EndToEndId>/VS2020005/SS2520044/KS0308</EndToEndId></PmtId><Amt><InstdAmt Ccy="EUR">924.00</InstdAmt></Amt><ChrgBr>SLEV</ChrgBr><CdtrAgt><FinInstnId><BIC>TATRSKBX</BIC></FinInstnId></CdtrAgt><Cdtr><Nm>DS Investment sro</Nm></Cdtr><CdtrAcct><Id><IBAN>SK1811000000002624835021</IBAN></Id></CdtrAcct><RmtInf><Ustrd></Ustrd></RmtInf></CdtTrfTxInf><CdtTrfTxInf><PmtId><EndToEndId>/VS485200000/SS2520054/KS0308</EndToEndId></PmtId><Amt><InstdAmt Ccy="EUR">662.26</InstdAmt></Amt><ChrgBr>SLEV</ChrgBr><CdtrAgt><FinInstnId><BIC>UNCRSKBX</BIC></FinInstnId></CdtrAgt><Cdtr><Nm>SCP Papier as</Nm></Cdtr><CdtrAcct><Id><IBAN>SK4611110000001023397009</IBAN></Id></CdtrAcct><RmtInf><Ustrd></Ustrd></RmtInf></CdtTrfTxInf><CdtTrfTxInf><PmtId><EndToEndId>/VS1020002/SS2520043/KS0308</EndToEndId></PmtId><Amt><InstdAmt Ccy="EUR">453.00</InstdAmt></Amt><ChrgBr>SLEV</ChrgBr><CdtrAgt><FinInstnId><BIC>LUBASKBX</BIC></FinInstnId></CdtrAgt><Cdtr><Nm>Fenixis s ro</Nm></Cdtr><CdtrAcct><Id><IBAN>SK3831000000004280104901</IBAN></Id></CdtrAcct><RmtInf><Ustrd></Ustrd></RmtInf></CdtTrfTxInf><CdtTrfTxInf><PmtId><EndToEndId>/VS1020010465/SS2520049/KS0308</EndToEndId></PmtId><Amt><InstdAmt Ccy="EUR">72.36</InstdAmt></Amt><ChrgBr>SLEV</ChrgBr><CdtrAgt><FinInstnId><BIC>TATRSKBX</BIC></FinInstnId></CdtrAgt><Cdtr><Nm>Slovak Parcel Service sro</Nm></Cdtr><CdtrAcct><Id><IBAN>SK0511000000002625004617</IBAN></Id></CdtrAcct><RmtInf><Ustrd></Ustrd></RmtInf></CdtTrfTxInf><CdtTrfTxInf><PmtId><EndToEndId>/VS120200087/SS2520042/KS0308</EndToEndId></PmtId><Amt><InstdAmt Ccy="EUR">218.32</InstdAmt></Amt><ChrgBr>SLEV</ChrgBr><CdtrAgt><FinInstnId><BIC>TATRSKBX</BIC></FinInstnId></CdtrAgt><Cdtr><Nm>GRAFITEC SLOVAKIA GROUP s ro</Nm></Cdtr><CdtrAcct><Id><IBAN>SK8411000000002925863245</IBAN></Id></CdtrAcct><RmtInf><Ustrd></Ustrd></RmtInf></CdtTrfTxInf><CdtTrfTxInf><PmtId><EndToEndId>/VS1020003/SS2520052/KS0308</EndToEndId></PmtId><Amt><InstdAmt Ccy="EUR">1500.00</InstdAmt></Amt><ChrgBr>SLEV</ChrgBr><CdtrAgt><FinInstnId><BIC>LUBASKBX</BIC></FinInstnId></CdtrAgt><Cdtr><Nm>Fenixis s ro</Nm></Cdtr><CdtrAcct><Id><IBAN>SK3831000000004280104901</IBAN></Id></CdtrAcct><RmtInf><Ustrd></Ustrd></RmtInf></CdtTrfTxInf><CdtTrfTxInf><PmtId><EndToEndId>/VS00220/SS2520041/KS0308</EndToEndId></PmtId><Amt><InstdAmt Ccy="EUR">3294.50</InstdAmt></Amt><ChrgBr>SLEV</ChrgBr><CdtrAgt><FinInstnId><BIC>GIBASKBX</BIC></FinInstnId></CdtrAgt><Cdtr><Nm>Roman Raks  Linos</Nm></Cdtr><CdtrAcct><Id><IBAN>SK9109000000000011612272</IBAN></Id></CdtrAcct><RmtInf><Ustrd></Ustrd></RmtInf></CdtTrfTxInf></PmtInf>
	</CstmrCdtTrfInitn>
</Document>
